2008 3198
184 179 257 232 46
769 180 816 225 Ρ.
850 180 1079 225 PAPINII
1111 179 1302 235 STATII

184 301 313 355 Non
352 301 624 370 indignati
663 301 923 355 miserum
963 302 1162 355 dixisse
1201 305 1483 372 parentem
1789 315 1876 358 435

190 375 527 443 Oedipoden:
567 375 670 428 tibi
709 376 862 445 larga
902 375 1123 447 (Pelops
1157 380 1211 428 et
1251 376 1515 428 Tantalus
1555 375 1766 448 auctor)

185 449 504 518 Nobilitas,
526 449 850 518 propiorque
889 451 1023 502 fluat
1061 450 1126 503 de
1167 450 1428 520 sanguine
1466 450 1649 504 iuncto

186 523 446 592 Iuppiter.
523 522 678 575 Anne
718 523 857 576 feret
894 525 1024 577 luxu
1064 528 1322 577 consueta
1359 527 1586 593 paterno

184 597 344 649 Hunc
383 597 572 666 regina
610 598 816 650 larem?
855 601 1076 651 nostrae
1116 599 1201 651 cui
1239 598 1352 650 iure
1393 616 1604 651 sorores

184 671 364 724 Anxia
402 688 571 740 pensa
610 672 854 741 trahant,
892 671 1059 741 longo
1101 691 1262 741 quam
1303 672 1521 725 sordida
1559 673 1708 726 luctu
1786 685 1877 728 440,

181 745 364 797 Mater
404 747 458 798 et
497 763 561 797 ex
599 746 723 798 imis
764 745 979 799 auditus
1018 746 1162 800 forte
1199 747 1439 799 tenebris

182 818 433 875 Offendat
474 837 623 872 sacer
662 819 753 871 ille
794 820 978 873 senex‘!
1040 819 1157 873 Iam
1196 824 1416 889 pectora
1454 820 1606 889 vulgi

181 893 492 946 Adsuevere
534 894 687 962 iugo:
727 895 895 963 pudet
932 894 1060 947 heu!
1101 895 1384 963 plebisque
1423 897 1770 964 patrumque,

181 966 266 1020 Ne
305 968 507 1020 totiens
548 967 753 1020 incerta
792 968 971 1020 ferant
1008 971 1324 1037 mutentque
1364 971 1642 1038 gementes

182 1040 419 1109 Imperia
460 1044 514 1093 et
554 1041 715 1094 dubio
756 1043 943 1112 pigeat
982 1061 1172 1111 parere
1211 1046 1456 1111 tyranno.
1783 1053 1872 1096 445

183 1115 311 1168 Non
352 1116 528 1183 parcit
567 1116 784 1184 populis
823 1134 1050 1186 regnum
1088 1117 1271 1187 breve3
1309 1117 1538 1186 respice,
1578 1118 1811 1185 quantus

180 1188 417 1258 Horror,
458 1192 511 1241 et
552 1191 775 1242 attoniti
813 1194 1002 1244 nostro
1042 1191 1099 1242 in
1137 1191 1444 1243 discrimine
1485 1190 1655 1243 cives!

180 1262 368 1315 Hosne
395 1279 512 1332 eg0,
537 1263 655 1333 quis
681 1267 827 1316 certa
853 1267 937 1317 est
962 1265 1061 1318 sub
1087 1268 1141 1318 te
1167 1265 1298 1318 duce
1323 1283 1512 1333 poena,
1527 1262 1870 1334 relinquam?

179 1336 381 1406 IratuS,
421 1353 700 1406 germane,
739 1339 903 1391 venie.
979 1338 1088 1391 Fac
1127 1339 1289 1391 velle:
1329 1357 1427 1391 nec
1464 1338 1598 1406 ipsi,

180 1410 239 1464 Si
277 1411 436 1464 modo
476 1414 638 1464 notus
681 1431 832 1465 amor
871 1413 1160 1482 meritique
1202 1416 1283 1465 est
1323 1413 1523 1483 gratia,
1560 1415 1742 1480 patres
1781 1424 1870 1465 450

181 1485 424 1538 Reddere
463 1502 632 1554 regna
673 1486 885 1540 sinent.9
963 1486 1087 1540 Non
1126 1488 1270 1539 ultra
1308 1505 1524 1555 passUS,
1563 1490 1617 1539 et
1655 1504 1779 1540 orsa

175 1559 368 1611 Iniecit
407 1559 599 1612 mediis
641 1561 980 1613 sermonibus
1022 1561 1200 1614 obvia:
1242 1559 1513 1629 ‘ReddeSJ

177 1633 507 1702 Ingeminat,
548 1632 778 1704 ‘reddes3
819 1653 929 1687 non
970 1635 1015 1687 si
1055 1638 1109 1687 te
1149 1635 1353 1686 ferreus
1395 1651 1563 1704 agger

172 1707 400 1759 Ambiat
441 1710 535 1758 aut
573 1707 815 1775 triplices
857 1709 962 1760 alio
1001 1707 1102 1759 tibi
1141 1708 1376 1760 carmine
1415 1726 1599 1760 muros

169 1780 453 1849 Amphion
493 1781 706 1833 auditus
748 1786 899 1851 agat,
938 1781 1019 1833 nil
1057 1781 1169 1834 tela
1207 1799 1304 1834 nec
1343 1782 1497 1850 ignes
1777 1793 1864 1834 455

169 1853 525 1923 Obstiterint,
566 1855 694 1923 quin
734 1874 865 1908 ausa
905 1857 1022 1908 luas
1060 1856 1369 1924 nostrisque
1411 1856 1509 1908 sub
1551 1855 1714 1908 armis

169 1926 402 1997 Captivo
443 1929 793 1982 moribundus
833 1930 1056 1982 humum
1098 1929 1401 1982 diademate
1441 1929 1639 1998 pulses,

166 2002 247 2055 Tu
290 2002 512 2071 meritc,
552 2006 638 2055 ast
676 2004 871 2057 horum
912 2003 1156 2071 miseret,
1197 2021 1331 2072 quos
1371 2003 1633 2071 sanguine
1672 2003 1809 2056 viles

168 2073 507 2145 Coniugibus
546 2079 797 2147 natisque
837 2077 1058 2130 infanda
1098 2077 1165 2130 ad
1205 2077 1412 2145 proelia
1450 2079 1637 2145 raptos

164 2149 376 2202 Proicis
418 2150 648 2220 excidio,
688 2152 827 2205 bone
866 2170 974 2203 rex.
1053 2150 1097 2203 O
1138 2153 1340 2219 quanta
1381 2149 1674 2202 Cithaeron
1772 2162 1859 2203 460

163 2222 378 2275 Funera
419 2226 853 2294 sanguineusque
892 2225 1066 2292 vadiS,
1106 2223 1341 2292 Ismene,
1379 2223 1614 2276 rotabis!

163 2296 313 2349 Haec
354 2297 552 2367 pictae,
592 2299 725 2351 haec
765 2316 965 2368 magna
1002 2298 1159 2350 fides!
1198 2316 1296 2350 nec
1336 2298 1564 2349 crimina
1604 2298 1782 2366 gentis

285 2460 373 2499 454
400 2470 465 2511 sq.
503 2457 604 2501 ‘aut
638 2485 692 2491 -—
725 2458 980 2515 Amphion’
1018 2457 1191 2503 schol.
1223 2456 1365 2500 Theb.
1399 2456 1418 2499 I
1453 2461 1507 2500 10
1539 2471 1580 2513 p.
1617 2460 1644 2500 4
1674 2456 1723 2500 L.

279 2609 363 2648 437
410 2603 515 2647 fluit
554 2606 613 2649 D.
661 2606 887 2650 Heinsius
925 2608 939 2662 l}
975 2610 1060 2648 439
1101 2604 1203 2647 Huc
1243 2608 1275 2646 P
1314 2606 1328 2660 ΙΙ
1367 2607 1452 2647 442
1496 2617 1627 2647 sacer
1657 2609 1689 2646 P
1720 2602 1852 2648 Leid.

71 2683 74 2686 ⁴
163 2677 296 2707 socer
328 2663 526 2706 BG2SM
554 2665 559 2719 Ι
588 2664 718 2719 volgi
749 2669 781 2706 P
805 2667 820 2719 ΙΙ
844 2670 928 2708 443
957 2663 1121 2720 (pudet
1142 2663 1254 2706 heu!
1288 2662 1533 2718 plebisque
1556 2663 1851 2719 patrumque)

161 2722 427 2767 Koestlinus
458 2724 472 2779 ΙΙ
505 2728 589 2766 447
639 2724 692 2765 ut
732 2723 924 2766 attoniti
962 2723 1227 2767 Koestlinus
1257 2723 1272 2776 ΙΙ
1304 2726 1391 2765 450
1434 2723 1508 2766 Sic
1549 2720 1665 2765 mihi
1704 2720 1862 2771 Lachs

159 2795 358 2825 marmus
382 2784 396 2838 ΙΙ
422 2787 507 2826 453
542 2781 840 2838 Ingeminans
879 2783 992 2826 Beh.
1028 2782 1341 2825 Marklandus
1364 2782 1379 2837 ΙΙ
1403 2786 1489 2825 454
1531 2779 1649 2823 alius
1691 2778 1853 2823 Schra-

159 2842 294 2885 derus
317 2842 331 2896 Η
355 2845 443 2885 458
472 2854 600 2884 orum
618 2845 650 2882 P
674 2843 688 2897 fl
713 2846 795 2885 461
826 2839 1186 2896 sanguineisque
1205 2839 1260 2881 G2
1287 2842 1404 2894 (cum
1427 2843 1532 2895 ras).
1559 2844 1603 2881 M
1629 2842 1635 2893 Ι
1662 2836 1851 2882 notabis

159 2900 274 2943 coni.
309 2900 566 2944 Muellerus
588 2902 603 2956 11
627 2905 710 2944 462
747 2899 944 2943 crimina
975 2898 1146 2942 mentis
1179 2900 1295 2943 idem
