2008 3198
696 168 1037 216 THEBAIDOS
1069 168 1180 215 LIB.
1213 169 1248 214 I.
1752 165 1828 218 25

132 292 207 346 Et
244 292 610 362 ferrugineam
648 291 887 345 frontem
925 289 1266 344 discriminat
1304 287 1513 358 anguis
1739 299 1828 340 600

133 367 283 423 Haec
322 371 440 420 tum
481 367 597 418 dira
634 367 752 418 lues
791 368 1057 417 nocturno
1098 363 1345 432 squalida
1384 379 1552 431 passu

131 440 313 494 Inlabi
349 440 608 493 thalamis
618 480 632 507 ‚
673 439 988 506 animasque
1029 456 1061 491 a
1101 437 1270 506 stirpe
1309 438 1555 489 recentes

50 583 56 586 Π
132 514 400 583 Abripere
441 514 694 566 altricum
735 511 957 581 gremiis
996 528 1286 579 morsuque
1326 511 1549 562 cruento

131 588 363 642 Devesci
400 591 455 640 et
493 586 725 639 multum
766 584 944 654 patrio
984 585 1336 654 pinguescere
1376 583 1540 635 luctu.

131 662 284 715 Haut
323 661 452 715 tulit
491 677 766 714 armorum
806 662 1091 727 praestans
1124 656 1395 725 animique
1429 655 1706 709 Coroebus
1740 667 1829 708 605

135 734 309 805 Seque
349 735 496 788 ultro
537 734 691 786 lectis
729 733 1008 802 iuvenum,
1050 731 1142 800 qui
1180 731 1378 784 robore
1416 729 1582 798 primi

132 809 359 862 Famam
398 807 720 878 posthabita
757 806 949 859 faciles
991 805 1275 859 extendere
1315 804 1452 872 vita,

133 883 364 937 Obtulit.
438 882 546 935 Illa
582 899 754 935 novos
793 881 910 934 ibat
948 880 1214 950 populata
1253 881 1478 948 penates

130 956 420 1010 Portarum
458 956 516 1009 in
554 956 699 1010 bivio
742 955 927 1026 (lateri
966 955 1070 1007 duo
1112 971 1340 1023 corpora
1378 969 1603 1020 parvum

131 1030 473 1101 Dependent,
513 1034 568 1083 et
605 1030 716 1082 iam
754 1047 895 1082 unca
932 1047 1126 1081 manus
1165 1027 1428 1081 vitalibus
1466 1026 1656 1078 haeret
1740 1037 1829 1078 610

129 1104 446 1174 Ferratique
485 1120 692 1173 ungues
731 1106 919 1156 tenero
961 1103 1061 1155 sub
1103 1102 1262 1155 corde
1302 1097 1634 1170 tepescunt):

130 1178 335 1232 Obvius
374 1179 523 1248 huic,
562 1179 707 1231 latus
750 1195 906 1230 omne
945 1177 1125 1230 virum
1165 1176 1402 1245 stipante
1443 1191 1664 1243 corona,

130 1251 221 1305 Fit
260 1253 494 1317 iuveniS‚
534 1252 844 1321 ferrumque
882 1251 1076 1320 ingens
1119 1250 1217 1302 sub
1259 1252 1478 1319 pectore
1519 1248 1652 1300 duro

131 1325 406 1394 Condidit,
446 1329 608 1395 atque
647 1327 789 1379 imas
831 1325 1042 1378 animae
1082 1341 1338 1377 mucrone
1379 1340 1601 1376 corusco

134 1398 417 1452 Scrutatus
458 1401 699 1452 latebras
738 1399 959 1451 tandem
1000 1417 1098 1451 sua
1136 1400 1384 1450 monstra
1422 1395 1690 1466 profundo
1740 1407 1828 1448 615

133 1473 333 1526 Reddit
370 1473 572 1526 habere
611 1472 744 1525 Iovi.
819 1472 980 1525 Iuvat
1018 1473 1096 1524 ire
1137 1474 1191 1523 et
1230 1471 1404 1524 visere
1443 1470 1597 1522 iuxta

131 1546 384 1600 Liventes
422 1547 482 1600 in
520 1550 695 1599 morte
735 1547 920 1599 oculos
959 1546 1206 1614 uterique
1244 1544 1536 1608 nefandam

130 1620 444 1674 Proluviem
484 1624 538 1673 et
577 1638 760 1673 crasso
802 1620 1110 1690 squalentia
1149 1621 1372 1687 pectora
1410 1618 1565 1686 tabo,

131 1694 250 1758 Qua
287 1697 509 1748 nostrae
549 1694 785 1747 cecidere
827 1694 1053 1747 animae.
1132 1691 1330 1762 Stupet
1369 1691 1572 1744 Inacha
1610 1691 1804 1759 pubes,

128 1767 436 1839 Magnaque
467 1771 595 1837 post
627 1769 880 1821 lacrimas
915 1768 1224 1821 etiamnunc
1257 1766 1455 1837 gaudia
1483 1765 1704 1834 pallent.
1739 1778 1827 1817 620

130 1841 204 1894 Hi
242 1843 493 1895 trabibus
535 1842 680 1895 duris
723 1839 951 1913 (solacia
990 1861 1130 1894 vana
1170 1839 1369 1910 dolori)

130 1915 418 1969 Proterere
459 1916 734 1968 exanimos
775 1918 925 1967 artus
966 1933 1265 1984 asprosque
1306 1914 1540 1966 molares

131 1989 426 2043 Deculcare
467 1990 620 2058 genis
632 2031 645 2056 ‚
684 1989 872 2059 nequit
912 1989 1049 2042 iram
1091 1989 1302 2057 explere
1342 1990 1604 2056 potestas,

130 2062 292 2117 Illam
334 2068 389 2116 et
426 2067 691 2116 nocturno
732 2064 932 2125 circum
973 2063 1204 2115 stridore
1244 2062 1490 2115 volantes

128 2136 384 2208 Inpastae
423 2137 644 2206 fugistis
686 2156 836 2207 aveS,
875 2137 1229 2206 rabidamque
1270 2153 1464 2188 canum
1504 2134 1614 2187 vim
1739 2148 1826 2188 625

251 2310 336 2350 608
362 2320 461 2361 sqq.
498 2304 602 2349 ‘illa
625 2331 680 2337 --
707 2303 994 2361 dependent’
1022 2303 1300 2349 Priscian.
1327 2302 1414 2347 VII
1439 2308 1478 2357 6,
1506 2308 1562 2347 26
1586 2318 1630 2359 p.
1658 2307 1744 2347 308
1768 2301 1825 2345 Η.

130 2389 185 2396 -
221 2369 320 2410 625.
358 2363 607 2421 ‘impastae
639 2363 670 2409 f.
705 2363 832 2407 aves’
870 2362 1049 2407 schol.
1080 2362 1225 2407 Theb.
1259 2362 1302 2406 11
1334 2367 1419 2407 520
1451 2377 1495 2418 p.
1532 2366 1583 2406 71
1618 2361 1667 2407 L.

250 2524 335 2564 601
376 2520 477 2563 tum
515 2522 681 2561 PBSM
721 2517 819 2561 ium
860 2519 929 2574 (in
967 2520 1078 2574 ras.)
1119 2517 1185 2559 G²
1252 2518 1352 2560 tam
1391 2517 1520 2562 Leia.
1562 2517 1659 2562 edd.
1692 2517 1708 2572 ΙΙ
1740 2520 1828 2559 604

128 2577 327 2622 Devesci
372 2583 482 2632 Pp'r
530 2577 660 2622 Leid.
731 2576 920 2621 Divesci
966 2576 1119 2619 30²1
1186 2574 1390 2633 Depasci
1429 2581 1463 2618 G
1494 2577 1509 2632 ΙΙ
1541 2581 1626 2621 608
1667 2574 1829 2618 stabat

127 2638 334 2682 Kochius
366 2638 381 2693 ΙΙ
414 2642 498 2682 609
531 2635 582 2679 in
612 2637 725 2682 delet
755 2636 1087 2688 Baehrensius‚
1129 2637 1211 2692 qui
1242 2641 1325 2679 611
1361 2635 1446 2679 sub
1479 2648 1583 2679 rore
1616 2634 1782 2679 conicit
1810 2632 1827 2692 ΙΙ

149 2698 275 2753 11613
315 2695 392 2740 Fit
422 2700 455 2739 P
502 2696 545 2740 It
584 2697 695 2738 (ΨΜ
734 2696 831 2740 edd.
867 2694 919 2739 Id
958 2694 1015 2737 13¹
1053 2694 1115 2737 Es
1148 2709 1170 2736 e
1200 2695 1217 2751 ΙΙ
1247 2699 1334 2739 618
1373 2693 1606 2750 liquentia
1646 2692 1829 2735 viscera

42 2803 47 2813 ,
130 2755 356 2801 Heinsius
387 2757 403 2812 ΙΙ
435 2760 519 2800 619
559 2754 706 2810 pubes
742 2758 871 2797 PGH
901 2755 1086 2811 Anylic.
1119 2755 1204 2809 (vel
1234 2752 1403 2810 virtus)
1433 2753 1595 2810 plebes
1627 2750 1782 2794 Bo²u
1811 2750 1827 2810 ΙΙ

42 2830 50 2885 '.
138 2833 225 2874 620
257 2842 341 2886 per
371 2829 678 2873 Baehrensius
702 2830 716 2885 11
742 2833 826 2872 622
860 2827 1096 2872 exanimes
1121 2831 1190 2881 Bp
1216 2827 1370 2871 exa-ies
1410 2826 1539 2871 Leid.
1577 2828 1582 2880 Ι
1619 2824 1827 2868 scabros-

114 2901 224 2950 ·que
263 2888 464 2932 molares
496 2887 719 2931 Heinsius
742 2889 756 2944 ΙΙ
781 2892 865 2932 623
899 2886 1116 2942 voluptas
1140 2887 1444 2932 Burmannus
