2028 3190
216 178 325 231 266
787 176 836 220 Ρ.
869 175 1094 220 PAPINH
1125 174 1319 220 srAru

216 299 538 369 Strymonos
579 301 634 350 et
672 296 908 365 trepidas
949 297 1007 349 in
1045 298 1268 364 pectora
1307 293 1581 348 contrahit
1619 293 1757 346 alas:
1816 305 1903 346 860

216 372 306 426 Sic
344 373 590 425 iuvenem
631 371 776 424 saevi
816 372 1102 439 conspecta
1141 370 1283 422 mole
1322 367 1582 437 Dryantis

218 447 336 499 Iam
374 464 484 498 non
522 446 605 497 ira
645 445 811 512 subit,
853 443 945 496 sed
983 444 1081 496 leti
1118 443 1341 496 nuntius
1381 442 1591 495 horror.

216 520 388 572 Arma
426 523 631 586 tamen,
668 518 872 571 frustra
911 535 1132 587 superos
1173 516 1519 586 Triviamque
1557 517 1824 584 precatUS‚

216 593 442 646 Molitur
479 593 689 662 pallens
731 595 785 644 et
825 591 1014 644 surdos
1056 591 1269 660 expedit
1308 608 1476 644 arcus

216 666 439 737 Iamque
470 668 642 719 instat
672 666 798 719 telis
832 668 887 718 et
918 668 1200 734 utramque
1234 665 1484 734 obliquus
1515 664 1574 716 in
1603 663 1790 715 ulnam
1821 673 1908 715 865

216 739 436 794 Cornua
475 739 744 808 contingit
783 757 1035 792 mucrone
1075 743 1131 792 et
1169 741 1390 807 pectora
1427 755 1619 790 nervo:

217 814 355 869 Cum
395 814 544 866 ducis
585 814 749 867 Aonii
788 830 986 883 magno
1027 813 1136 866 cita
1173 813 1392 866 turbine
1430 811 1609 880 cuspis

216 888 412 941 Fertur
450 889 508 940 in
549 888 830 941 adversum
869 887 1127 956 nervique
1168 886 1390 955 obliqua
1430 884 1613 939 sonori

216 962 413 1015 Vincla
453 965 628 1015 secat:
667 964 895 1031 pereunt
933 961 1073 1014 ictus
1113 960 1468 1030 manibusque
1507 957 1745 1011 remissis

215 1036 376 1089 Vana
416 1037 667 1104 supinato
707 1035 1012 1088 ceciderunt
1052 1035 1259 1103 spicula
1298 1052 1480 1087 cornU.
1822 1042 1909 1083 870

220 1110 374 1163 Tunc
412 1110 576 1161 miser
617 1112 672 1161 et
709 1109 892 1162 frenos
932 1109 1184 1161 turbatus
1225 1111 1279 1160 et
1318 1126 1468 1160 arma
1507 1104 1740 1171 remisit,

216 1183 475 1236 Vulneris
515 1183 828 1252 impatiens,
867 1182 1040 1235 umeri
1080 1182 1222 1251 quod
1260 1182 1498 1250 tegmine
1538 1178 1712 1232 dextri

218 1257 460 1310 Intrarat
498 1257 818 1326 facilemque
859 1258 1057 1309 cutem:
1099 1256 1244 1308 subit
1284 1255 1456 1307 altera
1494 1253 1672 1322 cuspis

216 1329 642 1400 Cornipedisque
680 1330 869 1400 fugam
910 1330 1117 1382 succiso
1156 1329 1363 1397 poplite
1405 1328 1568 1380 sistit.

214 1405 366 1458 Tunc
391 1404 536 1457 cadit
558 1405 673 1472 ipse
691 1403 867 1472 Dryas
894 1401 1141 1474 (mirum)
1159 1420 1258 1455 nec
1282 1402 1518 1454 vulneris
1542 1417 1796 1470 umquam
1824 1410 1910 1452 875

216 1478 503 1532 Conscius:
544 1479 674 1530 olim
715 1480 902 1530 auctor
940 1477 1036 1529 teli
1076 1493 1376 1545 causaeque
1414 1475 1695 1543 patebunt.

297 1554 371 1605 At
410 1570 542 1620 puer
582 1552 795 1603 infusus
837 1550 998 1603 sociis
1039 1550 1095 1601 in
1134 1549 1291 1602 devia
1331 1550 1507 1617 campi

217 1626 455 1679 Tollitur
496 1623 625 1694 (heu
666 1625 895 1692 simplex
936 1624 1131 1690 aetasl)
1171 1623 1512 1691 moriensque
1551 1622 1816 1674 iacentem

219 1699 415 1752 Flebat
454 1716 671 1767 equum3
714 1698 909 1750 cecidit
946 1698 1129 1749 laxata
1168 1696 1375 1748 casside
1414 1695 1619 1763 vultus,

217 1772 505 1842 Aegraque
543 1790 640 1840 per
679 1771 921 1841 trepidos
962 1771 1172 1839 expirat
1212 1770 1390 1840 gratia
1429 1770 1599 1837 visus,
1825 1779 1912 1821 880

216 1846 293 1899 Et
332 1846 543 1914 prensis
585 1863 847 1898 concussa
886 1844 1054 1897 comis
1094 1847 1176 1896 ter
1215 1844 1354 1896 colla
1393 1846 1688 1912 quaterque

222 1918 379 1973 Stare
416 1923 646 1989 negant,
685 1919 925 1988 ipsisque
964 1918 1118 1970 nefas
1158 1917 1495 1970 lacrimabile
1537 1915 1761 1984 Thebis,

220 1993 346 2046 Ibat
386 2011 688 2062 purpureus
729 1992 887 2045 niveo
929 1992 992 2044 de
1031 1995 1247 2060 pectore
1289 1991 1526 2060 sanguis,

219 2067 465 2119 Tandem
505 2066 639 2120 haec
679 2067 919 2135 singultu
958 2067 1123 2117 verba
1162 2065 1428 2117 incidente
1467 2063 1740 2132 profatur:

217 2140 529 2207 ‘Labimur,
568 2140 610 2204 i,
650 2140 926 2206 miseram,
966 2138 1201 2206 DorceU,
1243 2138 1416 2190 solare
1455 2138 1749 2205 parentem.
1826 2147 1912 2187 885

218 2213 322 2266 Illa
363 2214 605 2281 quidem,
647 2214 692 2264 si
732 2230 859 2264 vera
897 2212 1078 2264 ferunt
1116 2212 1400 2280 praesagia
1439 2227 1620 2276 curae,

219 2287 334 2338 Aut
375 2304 563 2338 somno
605 2286 714 2337 iam
755 2285 913 2336 triste
954 2285 1105 2336 nefas
1147 2288 1240 2336 aut
1280 2284 1456 2336 omine
1495 2283 1645 2336 vidit.

221 2359 303 2412 Tu
342 2362 528 2411 tamen
569 2361 686 2411 arte
724 2358 816 2427 pia
854 2358 1121 2427 trepidam
1162 2358 1425 2426 suspende
1466 2357 1662 2426 diuque

221 2432 499 2500 Decipit03
538 2450 645 2483 neu
684 2435 743 2483 tu
785 2431 994 2483 subitus
1033 2448 1165 2483 neve
1207 2449 1357 2483 arma
1395 2431 1604 2483 tenenti

219 2505 476 2572 Veneris,
517 2507 570 2556 et
608 2505 845 2572 tandem,
887 2522 1006 2557 cum
1048 2505 1158 2556 iam
1198 2521 1389 2572 cogere
1428 2504 1611 2571 fateri,
1829 2515 1915 2555 890

342 2654 428 2695 865
461 2646 638 2692 oblitus
671 2646 721 2689 in
751 2661 918 2691 urnam
948 2653 981 2690 P
1004 2649 1019 2704 ΙΙ
1043 2653 1129 2692 870
1161 2647 1388 2702 Vanaque
1421 2645 1587 2703 supino
1611 2647 1790 2702 Ρ11872
1823 2658 1917 2700 qua

219 2714 310 2752 ΒΜ
336 2709 343 2768 Ι
370 2707 580 2765 tegmine
621 2710 808 2748 1³13on
840 2721 914 2762 pr.
955 2722 1011 2750 m.
1053 2706 1266 2762 tegmina
1298 2710 1378 2748 SM
1415 2707 1431 2762 ΙΙ
1471 2710 1556 2749 875
1588 2717 1810 2758 umquam
1840 2707 1919 2746 PB

222 2783 278 2813 m.
308 2782 382 2824 pr.
415 2779 615 2822 usquam
645 2769 678 2807 B
703 2779 758 2808 m.
785 2779 865 2809 sec.
894 2770 974 2807 SM
994 2766 1012 2821 ΙΙ
1037 2771 1123 2810 876
1155 2764 1390 2821 patebunt
1411 2769 1444 2806 P
1476 2764 1754 2807 Bernartius
1783 2762 1915 2817 pate-

219 2827 337 2871 bant
375 2827 510 2871 ceteri
556 2823 772 2868 latebant
823 2823 1011 2869 Grotius
1041 2826 1056 2881 ss
1087 2828 1173 2868 879
1220 2823 1399 2867 lassata
1436 2827 1469 2865 P
1515 2821 1678 2864 luxata
1716 2825 1742 2862 8
1776 2823 1793 2877 ΙΙ
1828 2824 1913 2865 881

227 2884 402 2942 pressis
433 2890 466 2927 P
