2028 3190
218 171 326 224 304
793 171 844 215 P.
877 168 1106 214 PAPINH
1137 169 1332 214 STATH

220 293 295 346 Et
334 293 536 345 similes
577 308 755 343 ramos
797 291 1107 360 similesque
1146 290 1325 343 videre
1354 288 1662 359 pharetras·

222 365 415 420 Stabat
453 366 512 417 in
551 363 840 434 Argolicae
878 364 1082 417 ferrato
1124 365 1356 417 culmine
1395 364 1561 418 turris

218 439 489 510 Egregius
530 438 666 492 lituo
709 438 881 491 dextri
922 438 1192 492 Mavortis.
1225 438 1447 507 Enyeus
1850 450 1907 501 5ο

217 514 506 582 Hortator3
549 512 641 566 sed
679 515 807 565 tunc
845 512 1054 565 miseris
1097 512 1262 579 dabat
1299 512 1434 565 utile
1475 512 1694 582 signum

220 586 598 656 Suadebatque
636 587 824 658 fugam
865 589 918 639 et
955 589 1105 639 tutos
1145 587 1203 638 in
1242 590 1421 639 castra
1457 589 1729 656 receptus:

220 660 356 715 Cum
397 661 637 722 subitum
676 661 896 730 obliquo
938 660 1215 714 descendit
1255 661 1322 713 ab
1364 678 1486 713 aere
1523 661 1741 729 vulnuS‚

223 735 590 805 Urgentisque
632 753 822 788 sonum
863 735 1018 788 laeva
1055 753 1247 788 manus
1289 752 1409 787 aere
1447 737 1659 787 retenta
1697 737 1803 803 est,

222 808 372 862 Sicut
411 814 548 878 erat3
588 808 732 879 fugit
769 809 827 860 in
866 827 1061 862 vacuas
1100 809 1209 861 iam
1250 808 1474 877 spiritus
1515 826 1699 877 auras,
1851 820 1908 861 55

218 882 336 937 Iam
378 883 559 954 gelida
599 901 694 935 ora
731 885 938 952 tacent,
979 901 1194 936 carmen
1231 883 1364 936 tuba
1403 883 1519 936 sola
1555 882 1784 952 peregit.

293 957 517 1026 Iamque
550 960 743 1025 potens
776 958 1035 1010 scelerum
1067 957 1419 1026 geminaeque
1452 956 1708 1009 exterrita
1735 955 1911 1026 gentis

224 1029 495 1102 Sanguine
537 1030 833 1100 Tisiphone
872 1031 1114 1083 fraterna
1154 1031 1365 1084 cludere
1406 1030 1618 1099 quaerit
1653 1055 1656 1058 ·

224 1104 383 1158 Bella
421 1105 615 1157 *tuba:
654 1122 752 1157 nec
793 1123 849 1157 se
887 1107 1043 1157 tanta
1081 1105 1139 1156 in
1179 1105 1474 1158 certamina
1512 1104 1630 1156 fidit

222 1178 500 1243 Sufficere‚
540 1178 754 1231 inferna
794 1178 1045 1231 comitem
1085 1179 1141 1231 ni
1181 1178 1303 1232 s'ede
1343 1177 1654 1247 Megaeram
1853 1190 1909 1231 60

220 1252 295 1306 Et
335 1253 763 1321 consanguineos
804 1253 858 1304 in
898 1253 1105 1320 proelia
1144 1253 1365 1304 suscitet
1405 1269 1626 1321 angues·

219 1327 369 1396 Ergo
409 1327 596 1395 procul
636 1344 807 1379 vacua
846 1326 1090 1378 consedit
1127 1326 1270 1379 valle
1311 1326 1588 1395 solumque

222 1400 366 1453 Ense
406 1400 545 1453 fodit
584 1399 774 1470 Stygio
814 1402 1097 1469 terraeque
1137 1399 1519 1452 immurmurat
1558 1399 1755 1452 absens

221 1474 437 1528 Nomen
476 1477 528 1527 et
570 1472 796 1545 (Elysiis
837 1474 1053 1543 signum
1092 1473 1450 1527 indubitabile
1489 1471 1696 1543 regnis)

223 1547 496 1602 Orinalem
538 1548 747 1601 attollit
786 1548 951 1616 longo
993 1547 1222 1600 stridore
1263 1549 1530 1601 cerasten:
1853 1559 1909 1602 65

223 1621 512 1676 Caeruleae
552 1623 657 1674 dux
695 1622 790 1674 ille
831 1639 1040 1689 comae,
1083 1640 1187 1690 quo
1227 1622 1476 1690 protinus
1518 1621 1693 1674 omnis

148 1761 151 1763 η
222 1695 454 1749 Horruit
493 1696 678 1748 audito
710 1695 875 1747 tellus
915 1699 1220 1764 pontusque
1259 1696 1544 1764 polusque,

222 1770 297 1822 Et
333 1774 488 1839 pater
529 1769 805 1823 Aetnaeos
844 1769 1042 1821 iterum
1081 1769 1321 1837 respexit
1360 1769 1426 1821 ad
1465 1768 1633 1838 ignes.

222 1844 441 1913 Accipit
478 1844 577 1896 illa
617 1862 830 1913 sonum3
871 1843 1053 1896 stabat
1091 1846 1220 1896 tunc
1258 1842 1400 1895 forte
1440 1842 1653 1911 parenti

222 1917 499 1987 Proxima,
539 1918 664 1971 dum
705 1919 862 1970 coetu
903 1915 1184 1985 Capaneus
1225 1916 1477 1969 laudatur
1517 1916 1585 1969 ab
1626 1917 1772 1970 omni
1856 1929 1911 1971 ’10

221 1991 366 2044 Ditis
409 1995 463 2045 et
501 1992 774 2062 insignem
814 1988 1021 2061 Stygiis
1061 1991 1211 2044 fovet
1251 1990 1498 2043 amnibus
1539 1991 1801 2044 umbram.

222 2066 476 2118 Protinus
518 2066 751 2134 abrupta
788 2068 1056 2117 terrarum
1096 2065 1236 2117 mole
1278 2065 1376 2117 sub
1418 2064 1579 2116 astris

225 2137 507 2207 Constitit,
548 2140 824 2192 exsultant
862 2138 1072 2206 Manes,
1113 2140 1476 2206 quantumque
1515 2136 1820 2205 profundae

222 2212 525 2265 Rarescunt
564 2213 840 2280 tenebrae,
878 2215 1092 2263 tantum
1133 2211 1196 2263 de
1236 2211 1354 2263 luce
1394 2210 1629 2263 recessit.

226 2354 481 2397 nemeeque
522 2346 556 2384 G
596 2340 832 2385 Nemeaea
871 2354 983 2386 corr.
1030 2339 1287 2386 Gronovius
1324 2342 1340 2396 ΙΙ
1378 2345 1434 2384 49
1476 2339 1677 2385 culmine
1716 2345 1749 2383 P
1789 2340 1912 2386 Gozb.

224 2399 438 2457 margine
476 2400 632 2443 BG2M
670 2399 832 2444 limine
871 2400 1097 2445 Barthius
1134 2401 1149 2456 ΙΙ
1189 2405 1245 2444 50
1285 2412 1457 2455 enyeus
1489 2404 1522 2442 P
1562 2398 1756 2458 enipeus
1787 2403 1913 2443 1381

226 2458 443 2517 Enypeus
482 2461 614 2504 schol.
665 2459 824 2522 enip‘es
865 2459 922 2501 (42
970 2459 1190 2516 enipaeus
1230 2475 1293 2513 rg
1345 2458 1572 2515 enipheus
1612 2463 1698 2502 GE
1752 2458 1913 2504 enfeus

228 2533 371 2591 Pray.
403 2536 434 2579 2
463 2536 479 2590 ΙΙ
511 2538 567 2577 54
607 2546 714 2576 aere
747 2535 821 2590 (=
854 2533 986 2587 tuba)
1037 2532 1327 2591 Peyraredus
1367 2546 1478 2577 aure
1521 2533 1645 2578 codd.
1680 2533 1776 2578 edd.
1809 2533 1825 2589 ΙΙ
1855 2536 1910 2577 57

226 2591 452 2638 exterrita
481 2597 513 2635 P
544 2591 670 2636 Dan.
706 2593 857 2638 Petav.
893 2590 1096 2636 exercita
1124 2592 1316 2648 BG2M11
1341 2596 1395 2637 58
1428 2592 1674 2649 tesiphone
1704 2596 1772 2645 Pp
1811 2589 1912 2634 tisi-

227 2651 411 2708 phonae
442 2654 476 2694 B
508 2650 757 2708 tisyphone
783 2652 839 2694 (3²
867 2654 873 2706 1
899 2651 1106 2695 fraterno
1133 2651 1497 2697 Sandstroemius
1518 2653 1534 2708 ΙΙ
1558 2655 1613 2695 59
1642 2649 1774 2694 Bella
1796 2662 1912 2706 rogo

226 2712 345 2756 idem
364 2711 370 2769 Ῑ
394 2710 511 2754 tuba
534 2712 660 2755 codd.
686 2712 798 2765 edd„
823 2712 943 2767 quod
966 2715 1230 2767 corruptum
1246 2715 1362 2766 puto
1385 2716 1426 2756 et
1439 2711 1677 2767 repetitum
1692 2722 1748 2754 ex
1763 2722 1802 2752 v.
1821 2712 1883 2753 56

228 2769 335 2813 fidit
350 2775 417 2824 Pp
438 2769 557 2815 colb.
582 2770 709 2813 retur
725 2770 877 2812 BG2M
901 2770 915 2826 ΙΙ
941 2775 995 2815 62
1013 2768 1228 2814 concedit
1244 2774 1316 2812 PB
1340 2772 1356 2827 ss
1381 2775 1436 2815 64
1459 2769 1643 2813 Numen
1657 2767 1884 2812 Barthius

232 2828 367 2885 elysii
391 2834 423 2871 P
452 2833 457 2883 1
483 2829 655 2886 regum,
682 2830 739 2873 al.
766 2843 821 2873 m.
847 2842 1076 2885 suprascr.
1100 2831 1122 2871 t
1144 2827 1268 2885 regis
1294 2834 1326 2871 P
1348 2831 1364 2885 ΙΙ
1389 2834 1444 2874 68
1468 2825 1674 2884 respexit
1696 2829 1763 2881 Pp
1789 2825 1914 2871 colb.

229 2892 268 2930 B
298 2888 427 2933 Laid.
469 2888 709 2946 prospexit
738 2887 890 2931 BG²M
920 2891 935 2945 ΙΙ
969 2893 1021 2932 71
1057 2886 1270 2931 omnibus
1302 2893 1333 2930 P
1364 2889 1378 2944 ΙΙ
1405 2892 1458 2933 ’12
1493 2887 1658 2943 erupta
1687 2885 1914 2931 Barthius
