1942 3190
165 165 236 218 32
723 166 774 211 P.
806 166 1039 210 PAPINII
1071 165 1270 210 STATII

100 301 142 334 11
163 285 501 356 Aetolusque
540 286 864 356 Ikhacusque
904 287 1048 339 deae.
1127 287 1278 340 Tunc
1315 288 1572 356 providus
1611 289 1796 359 her08‚

92 377 137 408 25
159 360 396 430 Hospita
433 378 500 412 ne
541 360 722 412 subibo
761 363 1028 413 horrerem]
1066 361 1282 414 moenia
1321 365 1498 432 coetn,

158 434 344 503 Puppe
383 435 536 486 iubet
574 453 849 487 remanere
890 453 1037 503 suos3
1075 435 1193 503 ipse
1235 434 1401 488 ardua
1439 436 1547 491 fido
1767 453 1854 493 700

161 507 296 562 Cum
335 508 595 561 Diomede
635 509 784 576 petit.
862 506 968 561 Sed
998 508 1108 561 iam
1147 514 1500 577 praeveneras:
1538 512 1675 565 arcis

158 581 408 635 Litoreae
449 585 691 635 servahor
727 583 877 635 Abas
917 583 1211 652 ignotaque
1249 584 1365 652 regi

159 656 419 709 Ediderab
458 655 575 725 (sed
608 655 774 709 Graia
812 658 1017 724 tamen)
1059 657 1339 709 succedere
1379 659 1538 711 terris

92 746 137 779 30
162 729 418 783 Carbasa.
479 731 807 800 Procedun’n,
848 730 1050 800 gemini
1089 749 1185 784 ceu
1223 730 1437 784 foedere
1477 733 1661 787 iunclzo

158 805 402 857 Hiberna
440 805 538 857 sub
578 808 735 858 nocte
774 806 912 874 lupi:
950 805 1080 858 licei:
1104 809 1173 857 rel]
1213 823 1311 858 sua
1349 807 1528 874 pulsefi
1769 821 1852 862 705

159 877 534 947 Natorumque
572 879 768 948 fames7
807 880 1022 948 penitus
1055 879 1365 948 rabiemque
1405 881 1690 951 minasque

159 952 525 1005 Dissimulant
562 953 902 1022 humilesque
941 957 1149 1022 meant,
1187 971 1256 1005 ne
1295 954 1512 1007 nunliet
1547 954 1733 1010 hosfies

160 1025 301 1080 Oura
340 1045 532 1080 canum
574 1030 627 1080 et
664 1027 906 1096 trepidos
946 1030 1166 1080 moneat
1203 1027 1430 1096 vigilare
1469 1029 1779 1098 magistros.

91 1116 134 1150 35
307 1099 394 1154 Sic
425 1119 616 1171 segnes
646 1102 837 1154 heroes
871 1104 999 1154 eunb
1030 1119 1386 1170 campumque
1417 1105 1718 1171 patentem,

158 1175 261 1238 Qui
299 1175 505 1228 medius
544 1179 733 1244 porhus
774 1176 1078 1244 celsamque
1115 1175 1396 1228 interiacet
1433 1177 1646 1247 urbem,
1763 1191 1851 1232 710

156 1249 388 1302 Alberno
429 1267 675 1303 sermone
715 1252 921 1319 terunt3
962 1249 1112 1318 prior
1151 1248 1378 1319 occupat
1418 1268 1540 1303 acer

157 1323 412 1392 Tydides:
453 1322 591 1385 ‘Qua
629 1342 769 1376 nunc
807 1342 995 1377 verum
1034 1323 1245 1376 rahione
1284 1342 1538 1392 paramus

159 1395 436 1450 Scrutari‘?
476 1417 708 1467 namque
749 1398 1004 1466 ambiguo
1046 1397 1144 1449 sub
1184 1402 1401 1465 pec'core
1440 1399 1650 1467 pridem

90 1486 136 1519 40
158 1471 355 1540 Verso,
396 1471 525 1540 quid
563 1472 807 1524 imbelles
847 1472 1066 1540 thyrsos
1106 1474 1374 1525 mercatus
1417 1476 1471 1525 et
1511 1491 1637 1526 aera

157 1545 397 1598 Urbibus
438 1546 494 1598 in
534 1546 725 1598 mediis
765 1546 1121 1614 Baccheaque
1160 1549 1315 1615 terga
1354 1546 1650 1616 mitrasque
1764 1559 1850 1601 715

156 1618 278 1672 Huc
315 1620 505 1672 tuleris
545 1620 802 1688 varioque
844 1638 1091 1688 aspersas
1129 1619 1384 1672 nebridas
1425 1620 1594 1674 auro?

157 1692 328 1745 Hisne
350 1709 572 1762 gravem
588 1693 807 1745 Priamo
825 1693 1242 1762 Phrygibusque
1268 1693 1505 1746 armabis
1525 1693 1792 1747 Achillem
1801 1693 1849 1747 P'

306 1767 396 1819 Illi
436 1767 719 1820 subridens
759 1767 979 1820 Ilzhacus
1018 1767 1242 1836 paulum
1283 1785 1372 1819 ore
1412 1768 1660 1820 remisso:

91 1856 135 1889 45
160 1839 326 1893 ‘Haec
364 1841 482 1910 tibi,
521 1842 769 1911 virginea
804 1841 961 1894 modo
996 1841 1042 1894 si
1067 1840 1382 1910 Lycomedis
1407 1841 1463 1893 in
1491 1842 1615 1894 aula
1639 1845 1723 1895 est

156 1913 366 1967 Fraude
405 1916 599 1985 la‘cens,
637 1916 780 1968 ultro
822 1915 1125 1968 confessum
1165 1915 1222 1967 in
1260 1915 1467 1984 proelia
1506 1916 1701 1969 ducent
1763 1929 1848 1970 720

157 1987 403 2055 Peliden3
444 1992 503 2042 tu
543 1993 732 2043 cuncba
771 1989 908 2042 citus
950 1989 1014 2042 de
1053 2007 1232 2058 puppe
1272 1993 1543 2042 memento

156 2061 334 2131 Ferre,
374 2063 468 2116 ubi
506 2067 720 2133 tempus
763 2064 879 2131 eri'n,
919 2063 1252 2132 clipeumque
1291 2063 1376 2114 his
1414 2063 1637 2132 iungere
1676 2063 1848 2132 donis,

159 2136 264 2198 Qui
303 2137 527 2205 pulcher
567 2139 736 2208 signis
778 2155 1016 2206 auroque
1056 2136 1380 2205 asperrimus
1422 2138 1580 2189 astat.

93 2226 138 2259 σο
159 2209 279 2263 Hoc
321 2214 406 2263 sat
446 2212 569 2265 erit:
610 2214 787 2265 ‘cecum
826 2211 963 2263 lituo
1004 2211 1175 2263 bonus
1218 2210 1360 2262 adsit
1397 2210 1636 2279 Agyrtes

158 2283 543 2354 Occultamque
581 2286 772 2338 tubam
809 2285 1008 2338 tacitos
1050 2286 1300 2352 apportet
1338 2283 1397 2336 in
1434 2283 1598 2337 usus?
1759 2297 1844 2338 725

279 2435 363 2475 700
394 2431 526 2475 iuuet>
555 2437 595 2488 P⁴
619 2433 634 2488 ΙῙ
666 2436 750 2476 706
782 2430 966 2488 penitus
995 2430 1242 2486 labemque
1273 2434 1305 2472 P
1336 2430 1351 2486 ΙΙ
1384 2434 1467 2474 708
1499 2431 1723 2474 moneant
1753 2429 1811 2473 0⁹
1832 2430 1846 2490 Η

160 2494 245 2534 710
276 2490 455 2534 medios
487 2495 519 2532 P
560 2492 567 2547 Ι
616 2492 777 2548 portus
809 2493 941 2535 ΔΒΗ
971 2491 1159 2547 portum
1196 2493 1297 2542 th:
1319 2490 1334 2545 ΙΙ
1360 2493 1443 2532 711
1468 2488 1626 2533 terunt
1648 2493 1748 2532 PPo
1779 2489 1846 2534 fe-

157 2550 267 2594 runt
290 2553 325 2591 G
365 2552 525 2594 serunb
554 2565 580 2603 p
613 2551 709 2595 edd.
743 2554 843 2595 vett.
886 2550 1045 2593 serunt
1074 2549 1141 2592 vel
1171 2547 1327 2592 ferunt
1350 2547 1407 2589 (32
1434 2550 1471 2604 (s
1496 2549 1564 2593 vel
1586 2547 1610 2591 f
1629 2549 1682 2593 in
1703 2549 1815 2605 ras.)
1831 2547 1847 2607 ΙΙ

160 2613 245 2652 ’713
277 2607 455 2665 pridem
487 2613 565 2651 PG
620 2609 809 2664 quidem
841 2613 898 2653 1²0
951 2607 1175 2664 quiddam
1199 2606 1255 2648 (32
1287 2606 1418 2652 Leid.
1444 2608 1542 2653 edd.
1567 2611 1666 2652 vett.
1701 2621 1845 2664 quon-

158 2668 269 2712 dam
286 2667 545 2712 Gronovius
567 2669 582 2723 ΙΙ
608 2674 692 2712 ’716
710 2668 956 2724 variosque
973 2672 1005 2710 P
1029 2667 1044 2724 ΙΙ
1069 2672 1152 2711 ’717
1173 2666 1358 2711 Priamo
1375 2667 1577 2724 phrigib.
1595 2671 1628 2710 P
1658 2666 1845 2711 Priamo

156 2726 444 2784 frigibusque
470 2731 505 2769 G
528 2727 793 2784 Phrygibus
811 2727 1088 2784 Priamoque
1112 2724 1289 2770 PeG⁹M
1316 2726 1322 2783 1
1358 2725 1560 2770 armabis
1577 2730 1610 2768 P
1637 2726 1845 2770 armatus

157 2790 214 2827 Po
246 2799 479 2830 armamus
504 2786 614 2829 (ΨΜ
644 2787 659 2842 ΙΙ
686 2792 767 2831 721
802 2788 854 2831 tu
878 2801 1000 2831 nunc
1029 2784 1199 2829 tacissus
1232 2789 1264 2827 P
1299 2786 1314 2842 ΙΙ
1355 2790 1437 2830 ’723
1470 2786 1605 2829 hasta
1635 2789 1668 2827 P
1713 2785 1846 2830 ardet

157 2846 290 2888 ceteri
326 2846 416 2890 hac
446 2847 542 2890 sbab
571 2845 807 2890 Scriverus
849 2846 973 2890 astat
1001 2845 1165 2901 scrz'pSi
1195 2844 1292 2888 coll.
1324 2859 1364 2888 v.
1397 2849 1490 2890 198
1538 2845 1555 2901 ΙΙ
1601 2848 1687 2888 724
1716 2843 1845 2888 Haec

158 2904 230 2947 sat
263 2903 352 2948 erit
382 2908 419 2946 A
466 2905 593 2949 Haec
625 2906 699 2949 sat
730 2907 866 2949 erunt
896 2920 922 2959 p
969 2905 1070 2950 Hoc
1102 2904 1174 2948 sab
1205 2904 1293 2948 etih
1323 2910 1395 2947 tm
1420 2907 1427 2961 Ι
1455 2904 1663 2961 Αογῐὺθε,
1681 2907 1713 2945 P
