1942 3190
651 183 1056 231 ACHILLEIDOS
1089 183 1139 228 L.
1172 183 1206 227 I.
1712 178 1779 230 19

0 299 30 366 J
90 306 372 361 Occultum
412 306 688 360 Aeaciden
726 303 871 377 (quis
912 305 1094 358 divum
1132 304 1415 357 fraudibus
1457 304 1699 376 obstetP)

86 381 326 452 Accipit3
365 382 509 435 ultro
550 382 713 434 etiam
752 382 1040 433 veneratur
1078 380 1322 448 supplice
1361 379 1548 433 dextra
1695 393 1782 434 365

0 463 2 467 ’
85 455 162 508 Et
200 459 382 526 grates
421 457 622 510 electus
663 456 800 526 agit:
838 472 937 507 nec
974 454 1136 506 turba
1174 454 1388 522 piarum

87 527 409 600 Scyriadum
449 533 626 584 cessat
661 529 831 582 nimio
871 528 1104 597 defigere
1142 528 1262 580 visu

86 603 334 674 Virginis
376 624 471 658 ora
507 622 703 672 novae,
744 605 1006 673 quantum
1045 603 1252 656 cervice
1293 602 1564 671 comisque

85 677 341 732 Emineat
378 682 744 749 quantumque
782 695 998 730 umeros
1040 694 1102 729 ac
1139 679 1363 745 pectora
1400 675 1610 730 fundat.

85 750 228 807 Dein
266 754 473 807 sociare
513 752 704 806 choros
745 751 1016 820 castisque
1057 750 1307 803 accedere
1349 750 1519 803 sacris
1694 765 1781 805 370

85 825 415 896 Hortantur,
456 828 755 896 ceduntque
795 827 915 880 loco
956 827 1010 877 et
1048 825 1362 894 contingere
1402 824 1656 893 gaudent.

86 899 332 962 Qualiter
368 901 573 955 Idaliae
611 901 880 967 volucres,
919 899 1012 951 ubi
1051 899 1240 952 mollia
1278 899 1541 969 frangunt

84 973 311 1044 Nubila,
349 976 460 1028 iam
498 977 724 1046 longum
765 974 1019 1043 caeloque
1058 973 1323 1042 domoque
1362 976 1646 1043 gregatae,

87 1046 144 1101 Si
182 1049 360 1102 iunxit
395 1050 589 1119 pinnas
619 1050 943 1118 ,diversoque
981 1047 1203 1116 hospita
1239 1051 1419 1100 tractu

84 1122 254 1177 Venit
293 1124 431 1193 aviS,
470 1126 693 1177 cunctae
732 1124 969 1191 primum
1008 1122 1276 1175 mirantur
1316 1125 1369 1174 et
1407 1122 1654 1175 horrent:
1694 1135 1780 1176 375

84 1195 213 1250 Mox
251 1199 476 1267 propius
515 1199 844 1267 propiusque
883 1196 1096 1266 volant,
1137 1200 1297 1265 atque
1339 1214 1458 1249 aere
1497 1197 1556 1248 in
1594 1197 1713 1266 ipso

83 1270 359 1324 Paulatim
398 1272 571 1325 fecere
612 1291 765 1325 suam
805 1272 1107 1341 plausuque
1149 1271 1381 1324 secundo

85 1343 376 1399 Circueunt
413 1346 613 1399 hilares
655 1349 709 1399 et
749 1346 817 1398 ad
858 1346 971 1398 alta
1011 1345 1212 1397 cubilia
1252 1344 1467 1397 ducunt.

230 1419 550 1488 Digreditur
588 1421 818 1472 multum
860 1421 1112 1472 cunctata
1149 1419 1207 1470 in
1245 1419 1432 1470 limine
1471 1421 1668 1488 mater,

84 1490 228 1544 Dum
266 1494 467 1561 repetit
505 1494 746 1546 monitus
787 1510 1090 1561 arcanaque
1130 1511 1406 1545 murmura
1443 1493 1566 1562 figit
1693 1506 1779 1547 380

82 1565 323 1619 Auribus
363 1570 417 1619 et
455 1568 623 1620 tacito
665 1568 759 1620 dat
796 1567 963 1620 verba
999 1565 1299 1619 novissima
1335 1569 1482 1618 nato,

84 1639 234 1693 Tunc
274 1644 497 1711 excepta
535 1641 677 1694 freto
718 1642 880 1710 longe
921 1640 1126 1693 cervice
1164 1638 1364 1692 reflexa

82 1715 330 1768 Abnatat
369 1720 424 1769 et
460 1716 675 1768 blandis
718 1715 933 1768 adfatur
970 1715 1136 1767 litora
1173 1714 1339 1767 votis:

88 1787 248 1842 ‘Cara
287 1789 423 1842 mihi
460 1790 648 1859 tenue,
685 1806 915 1859 magnae
955 1789 1041 1842 cui
1078 1789 1310 1858 pignora
1351 1806 1509 1840 curae

84 1860 511 1931 Depositumque
550 1864 742 1931 ingens
781 1863 974 1916 timido
1016 1862 1384 1915 commisimus
1425 1865 1569 1927 astu,
1691 1874 1777 1916 385

86 1933 171 1988 Sis
210 1935 342 1988 felix
381 1940 691 2006 taceasque,
729 1954 942 2005 precor,
981 1954 1086 2004 quo
1127 1953 1277 1988 more
1314 1936 1535 1989 tacebat

86 2007 250 2062 Creta
288 2009 494 2064 Rheae:
533 2014 587 2063 te
626 2011 822 2080 longus
861 2010 1032 2062 honos
1074 2012 1400 2079 aeternaque
1442 2010 1660 2080 cingent

199 2185 242 2215 v.
276 2175 362 2215 372
396 2186 463 2228 sq.
518 2170 850 2215 Priscianus
883 2170 947 2214 VI
979 2174 1033 2214 93
1084 2185 1129 2227 p.
1163 2174 1250 2214 278
1281 2170 1362 2214 H.:
1421 2170 1620 2215 ‘Statius
1666 2171 1717 2215 in
1756 2173 1777 2216 I

79 2228 388 2274 Achilleidos:
423 2230 634 2284 Qualiter
663 2228 841 2274 Idaliae
873 2229 1101 2285 volucres,
1133 2229 1215 2273 ubi
1239 2229 1403 2274 mollia
1432 2229 1656 2287 frangunt
1679 2230 1775 2274 Nu-

79 2288 190 2345 bila,
222 2289 319 2333 iam
350 2289 543 2347 longum
576 2290 797 2345 caeloque
830 2287 1061 2344 domoque
1096 2289 1354 2346 gregatae?

199 2456 284 2496 367
317 2453 453 2498 niveo
485 2457 518 2495 P
548 2453 564 2509 ΙΙ
596 2457 683 2496 370
713 2451 832 2496 Dein
865 2449 952 2493 G²t
981 2451 1122 2507 (quod
1152 2454 1322 2494 rectum
1353 2463 1443 2495 esse
1478 2450 1579 2496 Otto
1615 2453 1771 2497 Muel-

78 2510 199 2554 lerus
237 2511 560 2556 demonem-avit
590 2516 759 2568 quaest.
780 2511 980 2555 Statian.
1014 2524 1064 2565 p.
1090 2513 1165 2564 13,
1196 2523 1297 2554 cum
1339 2510 1608 2567 ubicumque
1643 2512 1772 2567 apud

77 2568 279 2614 Statium
323 2570 518 2615 ‘dehinc'
561 2575 786 2627 appareat
823 2570 1003 2613 iambus
1026 2570 1107 2622 sit,
1137 2583 1365 2625 nusquam
1395 2571 1773 2627 monosyllabum,

75 2629 195 2673 sicut
236 2643 381 2685 supra
418 2643 459 2673 v.
491 2632 611 2682 228)
656 2630 835 2674 Dehinc
879 2632 1034 2670 Pron
1073 2628 1078 2685 Ι
1123 2628 1275 2672 choris
1314 2632 1359 2670 M
1397 2629 1413 2685 ss
1459 2634 1545 2673 374
1586 2629 1770 2674 diverso

77 2702 196 2744 quae
246 2689 464 2733 Menkius
503 2688 743 2746 divisoque
799 2692 834 2731 G
886 2689 902 2744 ss
956 2692 1040 2731 376
1088 2688 1278 2743 propius
1326 2701 1454 2732 omm.
1509 2687 1773 2747 2626111

0 2783 1 2786 ,
76 2752 163 2791 378
198 2747 446 2792 Circueunt
475 2753 496 2789 t
526 2748 595 2791 ita
626 2761 740 2792 corr.
783 2748 997 2792 Weberus
1035 2747 1112 2801 (cf.
1145 2760 1185 2789 v.
1211 2750 1302 2791 103
1327 2750 1440 2801 408)
1472 2746 1770 2791 Circumeunt

0 2814 4 2833 f
75 2809 166 2849 AM
195 2807 211 2863 ΙΙ
242 2812 326 2851 381
358 2807 501 2852 tacite
535 2810 571 2848 G
612 2810 618 2862 Ι
653 2808 765 2851 nato
796 2807 961 2862 scripsi
992 2819 1093 2849 cum
1124 2809 1203 2847 Gn
1243 2806 1376 2850 vultu
1414 2809 1446 2847 P
1485 2807 1595 2849 voto
1643 2805 1771 2848 P0G2

75 2869 149 2966 ἓξ
183 2866 199 2922 ΙΙ
229 2866 475 2968 3Ξ36ξοῒὶε
501 2869 591 2909 An
622 2866 774 2911 verbis
798 2866 894 2910 edd.
920 2866 935 2921 ΙΙ
959 2869 1044 2910 385
1082 2863 1382 2908 Comissimus
1414 2869 1446 2906 P
1474 2866 1479 2919 Ι
1508 2869 1593 2909 387
1628 2865 1767 2910 rehae

152 2941 174 2969 o
205 2939 253 2969 re

1350 2997 1410 3040 2*
