2008 3198
196 178 267 231 36
765 179 816 224 Ρ.
848 179 1080 224 PAPINII
1113 179 1312 227 STATII

127 299 477 368 11Virginea3
519 300 573 352 a!
612 300 843 352 multum
885 299 1095 352 steriles
1135 299 1420 354 damnatus
1460 300 1518 353 in
1557 317 1727 355 annos
1796 313 1883 356 800

187 373 508 442 Invisusque
548 373 686 442 deis,
725 373 772 426 si
812 391 971 443 quem
1009 373 1144 426 haee
1182 392 1325 428 nova
1363 374 1541 444 gloria
1580 391 1802 445 segnem

187 446 495 501 Praeterit.⁹
572 446 792 502 Exisset
832 447 1044 516 stratiS,
1082 447 1140 500 ni
1179 448 1406 517 provida
1445 448 1600 518 signo

185 521 471 574 Deidamia
511 521 638 574 dato
679 525 898 574 cunctas
939 521 1163 574 hortata
1202 540 1416 576 sorores

98 602 162 636 130
183 595 460 665 Liquisset
499 610 711 648 mensas
759 596 938 664 ipsum
979 596 1272 664 complexa.
1351 594 1456 649 Sed
1493 596 1682 650 haeret

184 669 504 738 Respiciens
543 669 792 722 Ithacum
833 673 1094 738 coetuque
1134 670 1460 723 novissimus
1492 670 1617 723 exit.
1796 683 1882 725 805

183 752 284 804 Ille
323 769 535 821 quoque
575 751 795 820 incepto
834 751 1059 819 paulum
1099 770 1163 804 ex
1204 770 1450 805 sermone
1488 751 1721 805 remittit

182 825 363 879 Pauca
402 829 586 879 tamen
623 825 877 895 iungens:
920 824 1014 877 ‘At
1051 828 1112 878 tu
1151 826 1474 895 tranquillus
1513 825 1571 878 in
1612 826 1726 879 alta

182 900 321 954 Pace
360 918 518 953 mane
559 900 802 969 carisque
841 903 975 968 para
1014 900 1247 952 conubia
1283 900 1427 952 natis
1436 941 1451 968 ,

97 982 160 1014 13⁵
184 974 329 1036 Quas
368 974 472 1027 tibi
512 973 733 1027 sidereis
773 973 1019 1026 divarum
1057 973 1299 1026 vultibus
1341 991 1540 1043 aequas

180 1048 315 1102 Fors
357 1048 522 1116 dedit,
562 1050 624 1100 ut
662 1065 748 1100 me
789 1048 920 1101 olim
959 1048 1187 1100 tacitum
1218 1047 1522 1100 reverentia
1551 1046 1755 1117 tangit!
1793 1059 1881 1102 810

181 1122 238 1175 Is
279 1123 437 1175 decor
477 1125 532 1175 et
568 1122 775 1176 formae
816 1122 1020 1190 species
1060 1122 1329 1190 permixta
1367 1120 1548 1175 virili?

184 1203 434 1256 Occurrit
471 1204 709 1273 genitor:
750 1202 910 1265 ‘Quid
951 1203 997 1255 si
1037 1205 1131 1255 aut
1169 1202 1416 1256 Bacchea
1454 1202 1692 1255 ferentes

185 1277 376 1348 Orgia,
416 1277 690 1330 Palladias
730 1280 826 1329 aut
864 1276 1066 1330 circum
1103 1277 1301 1330 videris
1342 1276 1501 1329 aras?

114 1359 166 1391 ³40
187 1351 262 1404 Et
300 1351 548 1404 dabimus
558 1393 572 1420 ,
612 1351 658 1404 si
696 1351 839 1404 forte
878 1368 1051 1404 novus
1091 1351 1434 1404 cunctabitur
1473 1349 1689 1403 auster?

180 1425 475 1494 Excipiunt
515 1424 694 1494 cupidi
740 1428 795 1477 et
831 1425 1015 1478 tacitis
1056 1442 1180 1494 spes
1219 1424 1404 1477 addita
1441 1424 1599 1477 votis.
1791 1436 1877 1477 815

185 1497 379 1552 Cetera
418 1499 679 1568 depositis
718 1497 1039 1567 Lycomedis
1078 1498 1231 1568 regia
1269 1498 1412 1551 curis

186 1573 505 1643 Tranquilla
544 1573 643 1626 sub
683 1590 813 1642 pace
855 1573 1000 1641 silet,
1040 1572 1133 1626 sed
1172 1572 1339 1642 longa
1379 1571 1560 1641 sagaci

185 1646 310 1701 Nox
349 1647 564 1716 Ithaco,
603 1648 883 1714 lucemque
925 1646 1075 1714 cupit
1114 1664 1466 1714 somnumque
1506 1647 1780 1715 gravatur.

97 1728 159 1761 14⁵
257 1720 493 1773 Vixdum
533 1723 720 1773 exorta
752 1720 865 1772 dies
899 1723 954 1771 et
986 1720 1096 1772 iam
1127 1719 1415 1772 comitatus
1449 1718 1660 1788 Agyrta

187 1794 424 1863 Tydides
466 1795 652 1847 aderat
691 1793 1073 1863 praedictaque
1115 1793 1256 1846 dona
1294 1793 1519 1845 ferebat.
1789 1804 1876 1845 820

184 1867 300 1922 Nec
339 1869 517 1921 minus
558 1885 809 1939 egressae
847 1867 1090 1920 thalamo
1132 1865 1410 1935 Scyreides
1449 1866 1604 1919 ibant

183 1941 472 1995 Ostentare
513 1941 702 1996 choros
742 1941 1113 2010 promissaque
1155 1959 1306 1993 sacra
1343 1939 1591 1993 verendis

183 2015 525 2085 Hospitibus.
601 2015 759 2069 Nitet
798 2018 924 2068 ante
965 2015 1103 2067 alias
1142 2015 1330 2083 regina
1369 2030 1653 2083 comesque

95 2097 160 2130 150
182 2090 414 2143 Pelides:
454 2090 629 2159 qualis
671 2088 882 2142 Siculae
923 2089 1022 2141 sub
1061 2088 1288 2156 rupibus
1327 2087 1534 2139 Aetnae

300 2327 387 2367 800
419 2323 642 2377 Virginea
672 2322 873 2366 multum
897 2325 970 2376 Ap
1005 2321 1249 2376 Virginea;
1282 2321 1331 2365 a!
1364 2319 1563 2363 multum
1588 2330 1704 2362 corr.
1726 2318 1875 2362 Baeh-

182 2383 363 2427 rensius
400 2381 624 2438 Virginea
671 2382 719 2425 et
764 2381 963 2425 multum
1004 2383 1135 2423 em>
1189 2378 1413 2435 Virginea
1458 2377 1534 2422 hic
1581 2376 1781 2420 multum
1823 2377 1874 2434 tu

185 2446 270 2486 803
304 2443 471 2485 cuncta
501 2445 533 2482 P
567 2441 583 2497 ΙΙ
621 2444 707 2485 806
748 2440 833 2484 Ille
867 2453 1050 2496 quoque
1082 2443 1115 2481 P
1168 2438 1254 2482 Ille
1286 2437 1474 2493 quidem
1505 2436 1671 2493 ceteri!
1699 2435 1875 2481 incerto

184 2504 217 2542 P
244 2502 251 2555 Ι
278 2499 479 2544 remittit
501 2503 592 2541 AM
622 2498 804 2543 remisit
827 2500 923 2543 edd.
949 2501 964 2556 ΙΙ
989 2503 1074 2543 810
1099 2499 1211 2542 Fors
1242 2502 1280 2540 A
1302 2501 1347 2538 11
1372 2495 1479 2555 Sors
1509 2501 1530 2537 t
1561 2495 1657 2540 edd.
1684 2496 1700 2552 ΙΙ
1723 2499 1809 2540 811
1830 2495 1874 2539 Is

184 2559 322 2604 decor
352 2557 532 2611 PG2pD
574 2558 834 2602 Gronovius
872 2557 956 2601 His
996 2557 1134 2601 decor
1173 2559 1309 2598 PcHt
1339 2555 1471 2598 Leid.
1518 2553 1607 2598 Hie
1639 2554 1779 2599 decor
1809 2553 1871 2612 ΘΙ

184 2619 232 2662 et
270 2618 448 2663 formae
489 2620 587 2659 ΔΜ
631 2618 704 2660 est
741 2616 919 2665 formae
952 2617 1049 2661 edd.
1082 2619 1180 2660 vett.
1219 2616 1224 2671 Ι
1259 2615 1302 2658 Is
1335 2614 1474 2658 decor
1506 2614 1577 2657 est
1614 2613 1792 2657 formae
1824 2615 1875 2656 et

185 2677 363 2733 species
413 2676 632 2720 Menkius
679 2676 769 2719 Hic
816 2676 955 2732 decor
999 2675 1116 2719 haec
1160 2674 1338 2718 formae
1382 2672 1557 2729 species
1603 2671 1845 2716 Livineius
1859 2670 1874 2728 ΙΙ

183 2740 268 2780 812
304 2735 427 2789 Quid
466 2734 506 2779 si
536 2736 620 2779 aut
649 2739 682 2777 P
723 2734 845 2787 Quid
878 2734 917 2778 si
948 2735 1081 2779 ceteri
1102 2735 1118 2791 u
1141 2738 1225 2778 817
1259 2732 1344 2776 sub
1374 2733 1511 2776 nocte
1541 2736 1577 2773 D
1605 2732 1611 2785 Ι
1639 2729 1774 2787 agaci
1810 2729 1875 2788 ΡΗ

184 2798 270 2840 818
296 2807 601 2851 somnumque
625 2794 849 2851 gravatur
872 2797 909 2836 Δ
942 2805 1193 2848 somnoque
1218 2791 1441 2848 gravatur
1462 2795 1509 2834 Μ
1524 2805 1567 2833 m
1597 2802 1873 2845 somnosque

183 2855 407 2910 gravatur
430 2853 666 2900 Heinsius.
702 2851 772 2908 C'f.
799 2851 927 2898 Mus.
959 2852 1104 2897 Rhen.
1133 2850 1292 2894 XXX
1315 2864 1367 2906 p.
1390 2853 1482 2896 476
1515 2850 1532 2905 ΙΙ
1569 2851 1654 2892 821
1695 2847 1873 2893 talamo

185 2916 218 2954 P
249 2911 379 2957 Leia.
419 2912 630 2957 thalamo
654 2916 711 2954 Po
751 2916 797 2953 Μ
850 2911 1070 2956 thalamis
1102 2911 1199 2955 edd.
