2072 3216
219 175 327 230 198
797 177 847 223 Ρ.
879 175 1107 221 PAPINII
1138 175 1331 222 STATII

219 296 519 350 Nudabunt
558 314 738 366 enses,
777 296 912 350 haec
949 297 1103 350 flebit
1142 300 1196 349 et
1235 315 1384 350 arma
1422 297 1735 367 quiescent?

219 370 366 424 Tene
398 371 505 439 ille,
535 369 640 422 heu
673 369 906 439 demens,
939 371 1105 423 semel
1136 370 1281 423 intra
1312 371 1526 424 moenia
1549 372 1788 428 clausum
1821 384 1907 426 550

217 445 640 513 Possessumque
681 444 817 497 odiis
857 443 1065 512 Argiva
1104 444 1162 496 in
1201 447 1381 497 castra
1418 445 1696 498 remittet?

219 519 363 571 Ante
401 518 535 571 haec
575 535 799 571 excusso
838 517 1147 571 frondescet
1184 518 1372 571 lancea
1409 518 1578 587 ferr0,

218 591 449 645 Inachus
492 594 616 644 ante
656 595 800 644 retro
839 595 1130 660 nosterque
1169 591 1442 645 Achelous
1482 591 1668 645 abibit.

219 664 322 718 Sed
362 665 493 718 mite
535 666 833 735 alloquium
875 669 928 717 et
968 666 1142 719 saevis
1182 685 1287 734 pax
1328 667 1606 734 quaeritur
1645 665 1832 719 armis:

217 739 368 792 Haec
393 757 604 808 quoque
631 743 813 792 castra
835 743 1046 808 patent,
1078 739 1305 792 necdum
1329 758 1572 793 meruere
1596 740 1790 793 timeri.
1822 753 1908 793 555

220 813 307 866 An
347 816 626 881 suspectus
668 813 808 882 ego?
849 814 1078 866 abscedo
1120 815 1174 866 et
1212 832 1333 866 mea
1370 814 1596 867 vulnera
1634 813 1790 867 (10110.

216 886 393 940 Intret
433 890 487 939 et
526 887 613 939 hic
653 888 898 956 genetrix
937 887 1122 940 eadem
1162 887 1476 956 mediaeque
1517 905 1745 941 sorores.

217 960 389 1031 Finge
432 964 616 1013 autem
654 961 829 1028 pactis
871 961 1103 1014 evictum
1144 961 1397 1014 excedere
1435 962 1643 1031 regniS‚

216 1034 427 1103 Nempe
466 1034 665 1087 iterum
703 1034 954 1087 reddes‘?’
993 1035 1203 1088 Rursus
1226 1032 1457 1088 'mutata
1494 1035 1789 1088 trahuntur

217 1108 458 1177 Agmina
497 1108 761 1161 consiliis:
804 1108 984 1161 subito
1025 1127 1121 1162 ceu
1159 1108 1375 1161 turbine
1414 1109 1550 1162 caeli
1823 1122 1909 1163 560

219 1181 423 1235 Obvius
466 1182 747 1235 adversum
787 1181 993 1235 Boreae
1033 1182 1209 1236 Notus
1250 1182 1478 1236 abstulit
1518 1201 1734 1251 aequor.

152 1259 155 1262 ’
217 1259 388 1308 Arma
429 1256 628 1309 iterum
665 1255 944 1325 furiaeque
984 1256 1224 1324 placent3
1265 1256 1382 1310 fera
1421 1259 1634 1325 tempus
1673 1255 1873 1326 Erinys

219 1330 435 1399 Arripit
475 1333 529 1382 et
567 1329 775 1399 primae
815 1330 1039 1382 molitur
1077 1331 1284 1382 semina
1321 1348 1554 1399 pugnae.

289 1403 567 1456 Errabant
605 1404 850 1472 geminae
890 1402 1122 1456 Dircaea
1162 1404 1230 1456 ad
1268 1403 1493 1456 flumina
1530 1405 1727 1473 tigres,

216 1477 351 1530 Mite
390 1477 604 1546 iugum,
643 1478 775 1530 belli
814 1477 1084 1547 quondam
1125 1480 1370 1531 vastator
1409 1477 1512 1531 Eoi
1823 1490 1910 1532 565

217 1550 442 1618 Currus,
480 1550 800 1620 Erythraeis
843 1551 935 1603 sed
973 1570 1147 1619 nuper
1185 1552 1357 1605 victor
1396 1552 1464 1604 ab
1505 1551 1616 1604 oris

218 1625 382 1678 Liber
420 1625 478 1677 in
516 1625 723 1678 Aonios
764 1625 986 1677 meritas
1029 1625 1310 1677 dimiserat
1350 1642 1527 1694 agros

216 1698 346 1751 Illas
388 1699 550 1750 turba
589 1698 674 1750 dei
715 1699 998 1766 seniorque
1039 1717 1102 1750 ex
1142 1717 1290 1751 more
1332 1699 1584 1751 sacerdos

219 1771 508 1840 Sanguinis
549 1772 746 1824 oblitas
788 1775 950 1840 atque
989 1772 1182 1824 Indum
1222 1789 1446 1841 gramen
1488 1772 1695 1825 olentes

218 1845 449 1899 Palmite
491 1849 704 1899 maturo
746 1846 1016 1914 variisque
1057 1864 1251 1898 ornare
1292 1846 1563 1915 corymbis
1825 1858 1912 1900 570

220 1918 389 1972 Curat
429 1922 483 1971 et
523 1919 733 1972 alterno
774 1920 1013 1971 maculas
1054 1918 1336 1988 interligat
1377 1923 1541 1974 ostro,

217 1993 439 2062 Iamque
478 1993 585 2061 ipsi
625 1994 813 2061 colles,
853 1994 972 2061 ipsa
1010 1993 1110 2045 has
1153 1991 1298 2063 (quis
1338 1991 1583 2063 credat?)
1624 1993 1882 2047 amabant

217 2067 508 2134 Armenta,
550 2071 713 2136 atque
754 2085 915 2119 ausae
956 2067 1157 2119 circum
1195 2067 1405 2135 mugire
1445 2068 1724 2136 iuvencae3

220 2140 430 2209 Quippe
469 2139 607 2192 nihil
649 2144 899 2209 grassata
939 2140 1132 2192 fames:
1173 2158 1362 2192 manus
1404 2140 1565 2192 obvia
1603 2139 1802 2207 pascit,

219 2213 631 2282 Exceptantque
673 2214 821 2265 cibos
863 2213 1088 2280 fusoque
1127 2213 1397 2265 horrenda
1438 2214 1696 2281 supinant
1825 2225 1911 2266 575

221 2286 330 2340 013
369 2304 542 2354 mem,
582 2304 724 2356 vaga
762 2304 884 2339 rure
927 2286 1103 2355 quies3
1147 2286 1193 2338 si
1233 2286 1447 2354 quando
1487 2286 1720 2356 benigno

222 2359 426 2413 Urbem
467 2360 634 2411 iniere
676 2359 867 2429 gradu,
909 2359 1097 2412 domus
1139 2359 1312 2412 omnis
1353 2362 1407 2412 et
1447 2359 1627 2412 omnia
1667 2359 1834 2413 sacris

222 2432 450 2501 Templa
491 2432 689 2500 calent,
729 2434 1010 2502 ipsumque
1050 2433 1181 2485 fides
1222 2433 1456 2486 intrasse
1495 2433 1752 2502 Lyaeum.

222 2506 337 2560 Has
378 2506 473 2559 ubi
511 2507 727 2574 vipereo
767 2510 943 2559 tactas
983 2510 1066 2559 ter
1104 2510 1387 2575 utramque
1427 2507 1647 2576 flagello

343 2658 427 2696 553
464 2650 618 2695 abibit
647 2656 678 2693 P
719 2651 917 2695 abibunt
947 2651 1140 2694 BG²SM
1181 2650 1335 2695 adibit
1368 2657 1402 2694 G
1432 2654 1447 2708 ΙΙ
1480 2655 1565 2696 559
1597 2650 1766 2695 reddet
1799 2649 1915 2707 Pey-

223 2712 417 2756 raredus
446 2713 461 2767 ΙΙ
493 2715 580 2755 566
623 2710 705 2753 sed
737 2715 768 2752 P
817 2724 931 2765 quas
972 2711 1105 2755 ceteri
1135 2711 1149 2767 ΙΙ
1183 2716 1267 2755 567
1301 2710 1571 2764 Qemiserat
1600 2716 1632 2753 P
1662 2711 1679 2766 ΙΙ
1709 2714 1794 2754 575
1826 2706 1914 2751 Ex-

227 2771 509 2826 ceptantque
550 2774 582 2812 P
623 2769 976 2826 Expectantque
1009 2771 1141 2814 ceteri
1168 2772 1172 2824 Ι
1202 2769 1346 2825 dapes
1378 2769 1516 2812 39²8
1547 2769 1673 2813 Dan.
1706 2770 1722 2824 ΙΙ
1751 2782 1791 2812 v.
1825 2771 1917 2812 576

225 2830 277 2872 in
307 2833 339 2871 B
380 2830 432 2873 in
474 2833 684 2873 contextu
722 2842 804 2871 om.
844 2831 896 2872 in
936 2830 1091 2883 infimo
1130 2830 1335 2886 maryine
1377 2830 1544 2886 Zeyitur
1574 2828 1667 2872 alio
1696 2827 1823 2881 stilo,
1864 2829 1917 2870 ut

224 2888 420 2942 videtur,
450 2889 647 2945 scriptus
670 2889 685 2943 {1
710 2892 794 2931 579
827 2887 997 2931 tacitas
1030 2892 1061 2929 P
