2008 3198
1719 0 1731 7 ³
1741 11 1746 14 -
1755 4 1761 10 ·
1771 0 1972 25 “rx-vv
1980 2 1990 22 ,ι

193 186 301 240 136
778 189 829 234 P.
860 187 1090 234 PAPINII
1122 188 1316 234 STATII

190 308 473 364 Exanimis
515 325 693 378 genua
733 326 899 379 aegra
937 310 1102 380 rapit;
1143 310 1254 363 iam
1294 314 1442 364 certa
1479 312 1747 366 malorum
1796 325 1880 366 545

190 381 390 436 Mentis
431 383 500 436 ab
542 383 769 452 augurio
810 401 1104 452 sparsoque
1142 401 1240 453 per
1278 385 1461 440 omnia
1497 385 1619 440 visu

188 455 415 510 Lustrat
452 457 680 510 humum
720 475 981 526 quaerens
1023 460 1077 511 et
1114 461 1249 512 nota
1286 459 1549 513 vocabula
1585 477 1755 530 parvo

188 530 534 599 Nequiquam
558 531 925 601 ingeminans:
950 550 1216 602 nusquam
1239 532 1356 601 ille,
1381 535 1437 586 et
1458 536 1620 602 prata
1641 537 1883 588 recentes

189 602 441 657 Amisere
480 607 656 658 notas.
731 605 911 658 Viridi
948 606 1107 677 piger
1146 607 1371 660 accubat
1409 607 1586 661 hostis

191 675 465 732 Gollectus
508 696 647 750 gyro
688 680 1037 749 spatiosaque
1076 680 1266 750 iugera
1304 682 1563 752 complet,
1796 693 1883 737 550

191 750 279 805 Sic
319 753 483 806 etiam
523 753 748 822 obliqua
787 754 1049 808 cervicem
1090 757 1345 823 expostus
1385 756 1443 807 in
1483 756 1621 810 alvo.

187 825 420 879 Horruit
455 827 651 880 infelix
688 827 809 881 visu
847 829 1121 899 longoque
1159 829 1489 897 profundum

186 899 435 953 Incendit
475 901 712 954 clamore
750 920 963 973 nemus3
1004 920 1104 955 nec
1143 903 1367 956 territus
1406 904 1527 973 ille,
1573 956 1580 962 ,

190 972 295 1028 Sed
334 975 491 1028 iacet.
568 974 854 1044 Argolicas
893 976 1138 1030 ululatus
1177 977 1373 1030 flebilis
1414 995 1571 1030 aures

191 1047 447 1118 Impulit3
489 1050 760 1118 extemplo
800 1051 1010 1103 monitu
1051 1051 1199 1104 ducis
1241 1051 1458 1112 advolat
1496 1051 1690 1104 ardens
1797 1062 1884 1105 555

186 1121 358 1176 Arcas
399 1141 561 1192 eques
608 1141 931 1193 causamque
962 1125 1142 1177 refert.
1203 1124 1342 1178 Tum
1382 1143 1638 1195 squamea
1670 1125 1886 1178 demum

188 1195 399 1250 Torvus
440 1197 507 1250 ad
548 1215 822 1250 armorum
860 1198 1039 1251 radios
1079 1198 1460 1269 fremitumque
1498 1200 1739 1253 virorum

187 1267 344 1324 Colla
384 1274 591 1324 movet:
630 1272 777 1340 rapit
814 1272 1027 1341 ingenti
1067 1272 1349 1326 conamine
1390 1291 1602 1342 saxum,

188 1342 308 1407 Quo
350 1344 613 1398 discretus
655 1362 808 1415 ager,
847 1364 1152 1417 vacuasque
1190 1346 1427 1415 impellit
1465 1348 1523 1399 in
1562 1364 1721 1400 auras

187 1417 406 1471 Arduus
439 1417 844 1489 Hippomedon,
879 1438 983 1489 quo
1016 1420 1233 1473 turbine
1264 1421 1462 1474 bellica
1495 1419 1765 1490 quondam
1795 1431 1884 1475 560

185 1489 407 1544 Vibrati
447 1493 650 1546 saliunt
687 1496 970 1562 portarum
1009 1495 1066 1546 in
1105 1495 1345 1548 claustra
1385 1495 1634 1548 molares.

189 1562 362 1619 Cassa
401 1566 551 1619 ducis
591 1567 785 1620 virtus:
825 1567 935 1620 iam
975 1568 1167 1622 mollia
1206 1569 1347 1622 colla
1385 1568 1598 1622 refusus

182 1638 249 1692 In
287 1643 504 1710 tergum
546 1659 764 1710 serpens
805 1642 1110 1694 venientem
1150 1646 1394 1695 evaserat
1431 1643 1612 1695 ictum.

183 1712 295 1766 Dat
335 1714 574 1766 sonitum
613 1715 778 1767 tellus
788 1757 802 1782 ,
841 1733 1231 1785 nemorumque
1270 1734 1367 1785 per
1407 1716 1529 1769 avia
1568 1716 1730 1781 densi*

181 1786 496 1840 Dissultant
532 1806 717 1842 nexus.
794 1786 892 1842 ‘At
930 1807 1041 1842 non
1078 1807 1200 1842 mea
1238 1789 1480 1843 vulnera'
1521 1789 1720 1843 clamat
1795 1801 1881 1844 565

182 1859 259 1914 Et
295 1861 449 1914 trabe
489 1861 736 1915 fraxinea
775 1860 1057 1931 Capaneus
1098 1864 1246 1917 subit
1285 1864 1474 1917 obvius
1515 1861 1790 1934 ‘umquam

182 1933 451 2005 Effigies,
493 1953 587 1989 seu
626 1938 686 1989 tu
726 1937 912 2006 pavidi
950 1937 1097 1991 ferus
1138 1937 1316 1991 incola
1354 1938 1485 2007 luci,

184 2008 310 2062 Sive
350 2009 489 2079 deis,
529 2010 847 2079 utinamque
887 2011 1023 2080 deis,
1063 2030 1319 2065 concessa
1357 2013 1634 2081 voluptaS,

183 2081 333 2151 Non,
376 2083 422 2135 si
463 2087 772 2138 consertum
816 2103 977 2153 super
1015 2085 1150 2138 haec
1190 2086 1325 2137 mihi
1370 2086 1613 2138 membra
1644 2083 1882 2155 Giganta

182 2154 562 2210 Subveheres.'
602 2157 770 2210 Volat
794 2158 956 2210 hasta
980 2161 1216 2211 tremens
1235 2161 1290 2211 et
1304 2158 1514 2211 hiantia
1537 2158 1769 2212 monstri
1792 2171 1880 2214 570

181 2227 293 2282 Ora
335 2230 485 2282 subit
523 2230 848 2300 linguaeque
890 2234 1038 2284 secat
1077 2231 1194 2284 fera
1232 2232 1412 2285 vincla
1450 2232 1728 2302 trisulcae,

179 2301 395 2371 Perque
434 2303 591 2356 iubas
635 2307 842 2357 stantes
883 2305 1182 2374 capitisque
1223 2305 1439 2376 insigne
1480 2306 1689 2360 corusci

179 2375 424 2443 Emicat,
467 2378 520 2428 et
559 2377 707 2447 nigri
747 2379 894 2432 sanie
932 2379 1153 2448 perfusa
1193 2380 1400 2433 cerebri

301 2525 385 2566 545
404 2535 471 2578 sq.
508 2521 621 2566 ‘iam
656 2548 711 2556 —
746 2523 962 2580 augurio’
999 2523 1174 2569 schol.
1215 2524 1359 2568 Theb.
1400 2525 1442 2569 V
1494 2531 1578 2571 627
1619 2540 1665 2583 p.
1713 2530 1797 2571 190
1826 2526 1879 2570 L.

299 2674 385 2714 545
422 2669 573 2714 trahit
605 2671 939 2717 Lachmannus
968 2673 983 2728 ΙΙ
1015 2675 1104 2716 555
1137 2673 1185 2715 et
1217 2672 1452 2730 extemplo
1485 2677 1518 2715 P
1547 2675 1562 2730 ΙΙ
1594 2677 1680 2717 556
1710 2672 1812 2715 tum
1842 2676 1876 2715 1²

175 2728 287 2773 tunc
321 2729 475 2772 Bam
505 2732 520 2787 ΙΙ
552 2734 636 2774 559
668 2744 823 2775 versus
861 2732 913 2775 in
943 2746 967 2773 r
992 2735 1099 2787 post
1128 2745 1168 2776 v.
1211 2735 1301 2776 561
1337 2733 1501 2789 Ieyitur
1529 2733 1545 2789 ΙΙ
1578 2735 1662 2776 561
1695 2729 1878 2774 Librati

176 2789 325 2842 codd„
360 2802 472 2834 corr.
513 2788 866 2846 Oudendorpius
898 2792 914 2847 ΙΙ
948 2794 1034 2834 562
1076 2789 1184 2833 duci
1223 2794 1362 2835 Bsro
1390 2793 1395 2846 Ι
1423 2804 1532 2834 nam
1564 2789 1680 2833 8²6²
1709 2803 1767 2834 m.
1790 2802 1874 2836 sec.

177 2849 224 2889 Π
243 2846 357 2905 11563
376 2850 591 2892 evaserat
602 2848 914 2895 Baehrensius
932 2849 1215 2894 exhauserat
1232 2851 1358 2895 codd.
1385 2851 1401 2908 ΙΙ
1425 2854 1511 2894 564
1529 2847 1875 2893 aviaP8²GHT

181 2904 312 2951 Leia.
349 2906 470 2953 Gozb.
506 2920 615 2952 aera
645 2901 861 2951 31328‘111
1823 2936 1825 2939 -
