2028 3190
654 167 1000 213 THEBAIDOS
1031 166 1143 213 LIB.
1175 168 1295 213 VIII.
1716 169 1821 222 221

133 292 199 346 In
237 308 387 344 mare
425 290 534 343 fert
571 289 800 360 hiemes3
840 290 1055 358 penitus
1095 307 1301 343 cessere
1340 289 1564 358 fugatae

130 364 389 420 Nereides
430 364 680 434 dulcique
719 364 916 417 timent
955 382 1232 418 occurrere
1271 367 1460 433 ponto.

205 438 402 492 Tristis
451 442 509 492 at
545 437 670 492 inde
709 438 935 508 gradum
973 438 1129 491 tarde
1168 440 1351 492 movet
1388 437 1589 491 Inacha
1628 439 1800 507 pubes
1809 480 1824 507 ,

128 513 425 582 Praecipue
464 513 631 566 Eleae
669 511 1234 582 Lacedaemoniaeque
1275 511 1524 566 cohortes

128 587 205 642 Et
244 587 410 657 Pylii3
451 587 690 640 subitum
729 604 856 638 nam
895 585 1296 639 Thiodamanta
1335 591 1631 655 sequuntur
1737 600 1823 640 365

130 661 355 732 Augure
392 660 654 730 fraudati,
693 660 922 713 necdum
961 677 1235 713 accessere
1275 660 1504 729 regenti.

128 734 243 789 Nec
273 737 369 788 tua
398 737 477 804 te,
511 735 762 803 princeps
793 734 1092 803 tripodum,
1136 735 1252 787 sola
1283 733 1504 804 agmina
1536 738 1824 803 quaerunt:

129 808 340 864 Cuncta
378 809 616 878 phalanx
657 808 763 861 sibi
803 808 987 862 deesse
1027 810 1205 877 putat3
1246 808 1425 861 minor
1455 808 1551 860 ille
1581 826 1679 877 per
1711 809 1826 862 alas

129 881 401 952 Septimus
441 885 591 936 extat
630 901 780 952 apex.
857 881 1085 951 Liquido
1125 882 1276 935 velut
1316 882 1532 935 aethere
1570 883 1742 935 nubes

127 957 318 1011 Invida
356 956 661 1010 Parrhasiis
701 974 868 1009 unum
909 956 956 1010 si
995 956 1247 1010 detrahat
1286 957 1469 1025 astriS,
1739 969 1825 1010 370

131 1031 375 1084 Truncus
413 1030 590 1084 honor
627 1030 884 1101 plaustri,
922 1049 1021 1084 nec
1060 1030 1204 1083 idem
1243 1030 1386 1100 riget
1425 1030 1551 1100 igne
1590 1031 1763 1084 reciso

131 1105 289 1174 Axis,
330 1107 385 1158 et
424 1105 619 1158 incerti
657 1108 944 1158 numerant
982 1123 1079 1158 sua
1119 1105 1297 1157 sidera
1335 1107 1550 1158 nautae.

206 1178 310 1232 Sed
350 1178 461 1231 iam
498 1178 647 1232 bella
685 1182 904 1232 vocant:
946 1178 1081 1232 alias
1120 1197 1260 1232 nova
1301 1195 1531 1248 suggere
1570 1178 1712 1232 vires
1724 1219 1738 1246 ,

130 1251 399 1322 Calliope,
438 1253 718 1322 maiorque
758 1253 952 1322 chelyn
990 1252 1124 1305 mihi
1162 1252 1353 1306 tendat
1393 1252 1607 1322 Apollo.

131 1326 379 1379 Fatalem
418 1327 637 1395 populis
677 1327 822 1379 ultro
863 1327 1210 1396 poscentibus
1251 1326 1445 1379 horam
1737 1340 1823 1380 375

132 1401 405 1453 Admovet
443 1402 563 1453 atra
601 1400 739 1468 dies,
778 1398 1097 1469 Stygiisque
1138 1400 1337 1452 emissa
1375 1400 1613 1453 tenebris

131 1473 280 1527 Mors
319 1473 520 1526 fruitur
559 1474 708 1527 caelo
750 1474 1178 1543 bellatoremque
1218 1473 1454 1526 volando

131 1546 397 1616 Campum
437 1547 612 1616 operit
648 1547 911 1617 nigroque
949 1548 1096 1601 viros
1135 1548 1334 1601 invitat
1373 1547 1552 1616 hiatu,

131 1621 227 1675 Nil
267 1622 488 1690 vulgare
526 1621 734 1691 legens:
776 1622 868 1674 sed
908 1639 1044 1690 quae
1084 1621 1406 1691 dignissima
1443 1621 1559 1674 vita

131 1695 367 1760 Funera,
407 1695 728 1765 praecipuos
770 1696 927 1749 annis
969 1695 1272 1765 animisque
1312 1698 1533 1748 cruento
1738 1709 1823 1750 380

131 1768 328 1839 Ungue
350 1772 529 1838 notat,
554 1769 769 1838 iamque
794 1770 852 1822 in
875 1770 1102 1824 miseros
1129 1788 1357 1838 pensum
1383 1787 1540 1822 omne
1569 1767 1825 1823 Sororum

135 1841 432 1910 Scinditur,
472 1846 526 1895 et
563 1842 760 1896 Furiae
799 1847 1096 1912 rapuerunt
1133 1843 1258 1896 licia
1296 1842 1495 1896 Parcis,

137 1915 258 1970 Stat
297 1915 505 1969 medius
547 1917 753 1985 eampis
795 1917 1109 1970 etiamnunc·
1143 1916 1359 1985 cuspide
1401 1917 1544 1969 sicca

132 1989 495 2059 BellipotenS,
537 1990 754 2060 iamque
792 1990 894 2043 hos
935 1990 1190 2059 clipeum,
1236 1991 1346 2043 iam
1384 1990 1551 2043 vertit
1590 1991 1658 2044 ad
1697 1991 1825 2045 illos

134 2065 305 2117 Arma
344 2063 511 2132 ciens,
551 2064 839 2134 aboletque
879 2063 1088 2133 domos,
1129 2063 1379 2133 conubia,
1417 2068 1591 2118 natos.
1739 2079 1826 2119 385

133 2137 364 2190 Pellitur
404 2140 460 2191 et
497 2138 708 2207 patriae
747 2142 827 2207 et,
867 2139 960 2208 qui
999 2141 1179 2191 mente
1219 2138 1549 2192 novissimus
1590 2139 1722 2207 exit,

134 2211 295 2265 Lucis
335 2229 507 2281 amor;
547 2215 697 2265 tenet
734 2213 792 2265 in
832 2212 1036 2281 capulis
1076 2212 1355 2283 hastisque
1394 2215 1613 2281 paratas

134 2285 226 2338 Ira
264 2303 480 2354 manus,
522 2286 839 2355 animusque
878 2287 1025 2340 ultra
1062 2287 1314 2340 thoracas
1356 2286 1583 2340 anhelus

137 2358 400 2427 Conatur,
440 2359 732 2429 galeaeque
771 2364 1014 2414 tremunt
1052 2360 1275 2414 horrore
1316 2378 1606 2413 comarum.

137 2431 274 2495 Quid
305 2432 505 2484 mirum
536 2434 765 2486 caluisse
796 2434 980 2488 viros?
1013 2434 1358 2488 flammantur
1391 2435 1446 2487 in
1477 2434 1693 2488 hostem
1732 2448 1826 2488 390

257 2595 343 2635 365
384 2593 603 2635 secuntur
647 2597 680 2635 P
726 2592 982 2649 loquuntur
1019 2594 1247 2638 Bao-thius
1281 2596 1302 2661 η
1336 2599 1421 2639 371
1470 2593 1593 2650 riget
1628 2598 1661 2635 P
1707 2592 1830 2637 nitet

140 2651 272 2695 ceteri
294 2652 310 2707 ΙΙ
334 2654 420 2695 378
452 2650 646 2695 investit
677 2651 853 2696 amictu
884 2652 1186 2707 Wakefieldus
1216 2651 1329 2697 viris
1363 2665 1413 2696 se
1445 2650 1664 2696 immittit
1695 2652 1829 2696 hiatu

138 2709 198 2754 R.
239 2709 443 2766 Unyerus
474 2708 638 2754 invisit
666 2709 800 2755 hiatu
823 2712 1135 2757 Baehrensius
1158 2713 1172 2767 ΙΙ
1197 2716 1281 2756 381
1314 2711 1479 2769 Angue
1503 2711 1629 2755 codd.
1663 2711 1829 2767 Ungue

140 2781 255 2813 corr.
311 2768 538 2813 Bao-thius
574 2770 589 2825 ΙΙ
628 2773 713 2814 383
762 2769 1016 2814 etiamnum
1060 2774 1146 2813 Bu
1183 2773 1199 2827 ΙΙ
1238 2776 1326 2816 384
1375 2770 1562 2825 iamque
1607 2768 1830 2814 hostilem

141 2826 345 2883 elipeum
383 2833 416 2871 P
462 2842 526 2872 an
575 2829 808 2885 leyendum
854 2829 1040 2885 iamque
1088 2829 1172 2873 hos
1219 2830 1385 2884 telum,
1441 2829 1536 2872 iam
1581 2827 1724 2873 vertit
1770 2829 1829 2874 ad

142 2883 280 2929 illos?
304 2888 321 2943 ΙΙ
345 2891 431 2932 388
458 2887 727 2942 animosque
752 2892 784 2930 P
812 2890 818 2943 Ι
847 2887 1039 2932 anhelos
1057 2893 1088 2931 P
1115 2888 1375 2944 animisque
1400 2886 1579 2931 anhelis
1603 2887 1831 2934 Barthius
