2028 3190
724 185 1067 231 THEBAIDOS
1098 185 1207 232 LIB.
1240 185 1319 232 XI.
1759 185 1864 238 307

177 306 407 376 Accipe,
448 306 804 377 secedantque
843 308 976 378 poli:
1019 311 1128 361 stat
1165 325 1385 377 parcere
1425 306 1623 361 mundo

178 378 584 449 Caelitibusque
624 383 786 451 meis3
828 382 1022 435 saltem
1060 400 1130 435 ne
1167 381 1396 452 virginis
1438 381 1613 440 almae

175 452 364 508 Sidera
401 453 599 507 Ledaei
636 455 858 509 videant
894 473 1001 508 neu
1038 456 1172 509 talia
1209 453 1472 509 fratres?>

177 526 265 581 Sic
302 530 461 598 pater
499 529 865 598 omnipotens,
905 529 1158 599 visusque
1195 529 1517 583 nocentibus
1557 528 1702 582 arvis

174 602 445 671 Abstulit,
483 606 540 655 et
578 602 723 655 dulci
760 605 936 656 terrae
977 621 1194 656 caruere
1235 621 1439 656 sereno,
1778 614 1863 655 135

248 674 473 745 Iamque
512 693 609 745 per
646 676 935 748 Argolicas
967 676 1147 730 Erebo
1189 680 1309 731 sata
1348 677 1502 746 virgo
1542 675 1792 729 cohortes

173 747 430 819 Vestigat
466 748 739 820 Polynicis
778 751 884 803 iter
922 752 1202 822 portisque
1244 751 1344 804 sub
1384 750 1517 821 ipsis
1802 763 1804 765 ’

172 822 411 891 Invenit,
450 824 714 878 incertum
754 825 865 878 leto
904 827 992 878 tot
1030 825 1216 894 iniqua
1254 825 1455 895 fugane

170 895 359 950 Exeat.
435 896 510 950 Et
550 898 741 952 dubios
781 898 1068 952 turbarant
1108 899 1290 952 omina
1332 917 1543 951 sensus:

171 969 422 1040 Viderat,
463 972 692 1025 obscura
730 973 934 1025 vallum
975 973 1100 1026 dum
1139 977 1299 1026 nocte
1338 974 1582 1043 pererrat
1777 986 1863 1025 140

171 1045 351 1114 Aeger
390 1046 604 1099 consilii
643 1046 889 1116 curisque
926 1047 1223 1100 novissima
1260 1047 1509 1115 volvenS,

172 1115 435 1190 Coniugis
475 1120 676 1189 Argiae
715 1121 949 1173 laceram
989 1138 1112 1174 cum
1150 1121 1403 1190 lampade
1443 1123 1651 1173 maesta

168 1190 429 1264 Effigiem
469 1194 619 1261 (sunt
656 1198 903 1247 monstra
941 1194 1123 1264 deum,
1163 1195 1239 1248 sie
1277 1196 1356 1247 ire
1394 1193 1648 1263 parabat,

169 1265 286 1320 Has
326 1267 505 1320 latura
543 1268 659 1320 viro
697 1268 886 1320 taedas
927 1266 1112 1338 erat1):
1154 1286 1282 1338 ergo
1322 1268 1565 1338 roganti,

172 1339 321 1401 Quae
357 1341 443 1393 via
468 1342 655 1409 quisve
683 1341 857 1411 dolor,
889 1360 982 1394 cur
1005 1346 1214 1395 maesta
1239 1342 1498 1411 insignia,
1530 1344 1744 1394 tantum
1780 1354 1863 1395 145

167 1411 420 1466 Fleverat
461 1420 619 1483 atque
659 1433 824 1468 manu
861 1417 1039 1468 tactos
1081 1418 1350 1469 averterat
1389 1416 1560 1484 igneS.

171 1484 287 1540 Scit
326 1492 563 1541 mentem
603 1488 804 1542 vidisse
841 1488 1017 1559 nefas3
1060 1490 1260 1543 etenim
1298 1489 1439 1542 unde
1478 1487 1720 1558 Mycenis

167 1560 402 1614 Adforet
441 1564 495 1615 et
532 1562 736 1615 vallum
777 1563 1012 1616 coniunx
1049 1563 1283 1632 inopina>
1313 1563 1557 1616 subiret?

169 1632 273 1687 Sed
312 1634 412 1688 fati
451 1636 689 1689 monitus
728 1636 1011 1706 vicinaque
1050 1636 1240 1690 funera
1281 1637 1467 1705 sentit,

170 1708 251 1761 Ac
292 1710 490 1762 sentire
529 1711 702 1763 timet.
781 1708 918 1763 Cum
957 1728 1085 1764 vero
1125 1710 1453 1764 Acherontis
1496 1711 1670 1779 aperti
1779 1726 1862 1764 150

168 1779 305 1835 Dira
343 1787 427 1836 ter
467 1783 687 1837 admoto
727 1784 914 1853 tetigit
951 1784 1178 1838 thoraca
1217 1785 1455 1854 flagello,

168 1854 343 1909 Ardet
381 1856 539 1926 inops
582 1858 771 1925 animi,
809 1875 907 1910 nec
945 1862 1059 1910 tam
1100 1858 1376 1912 considere
1416 1875 1607 1929 regnO,

168 1927 342 1991 Quam
384 1930 559 1983 scelus
600 1933 655 1982 et
695 1930 911 1983 caedem
954 1934 1007 1984 et
1044 1930 1278 2000 perfossi
1320 1932 1582 2000 sanguine
1620 1931 1805 1985 fratris

165 2001 431 2071 Expirare
471 2004 641 2073 cupit,
682 2003 999 2073 subitusque
1040 2005 1254 2058 adfatur
1292 2004 1610 2058 Adrastum:

166 2074 324 2129 ‘Sera
356 2078 596 2147 quidem,
630 2082 899 2131 extremus
927 2078 1131 2132 socium
1157 2079 1439 2149 gentisque
1465 2082 1737 2149 superstes
1775 2093 1857 2133 155

163 2150 477 2220 Argolicae,
517 2152 787 2217 consulta,
826 2156 1002 2222 pater,
1042 2152 1150 2205 iam
1190 2153 1349 2206 rebus
1390 2154 1447 2205 in
1487 2153 1617 2207 artis

286 2330 365 2369 131
411 2325 526 2381 stat,
575 2327 633 2370 al.
666 2340 722 2371 m.
756 2340 986 2383 suprascr.
1036 2328 1109 2371 sat
1145 2333 1178 2371 P
1214 2329 1221 2385 Ι
1253 2341 1445 2384 parcere
1485 2329 1615 2374 caelo
1646 2332 1680 2372 B
1722 2329 1852 2373 coelo

163 2386 282 2425 oGH
315 2382 436 2428 Cozb.
472 2389 498 2426 Β
537 2384 785 2441 (suprascr.
817 2388 839 2428 t
871 2385 976 2443 soli)
1018 2386 1109 2431 soli
1138 2387 1281 2432 Behh.
1323 2393 1355 2430 Τ
1384 2390 1400 2445 ss
1434 2393 1517 2433 132
1559 2387 1849 2443 Sideribusq.

160 2444 195 2483 B
226 2441 337 2486 Beh.
371 2447 403 2484 Τ
431 2443 437 2498 Ι
463 2455 522 2487 ne
553 2442 750 2499 virginis
783 2444 948 2500 almae,
981 2446 1040 2490 al.
1072 2459 1129 2491 m.
1158 2460 1387 2503 suprascr.
1420 2446 1610 2503 pudeat.
1645 2461 1684 2491 o.
1712 2447 1850 2490 coeli-

160 2500 292 2544 colae
323 2504 356 2542 P
379 2503 394 2558 ΙΙ
420 2506 503 2545 133
536 2515 712 2546 versum
742 2516 825 2548 om.
858 2508 891 2546 P
913 2506 929 2562 ΙΙ
950 2519 1019 2550 vv.
1054 2509 1139 2549 138
1170 2510 1212 2551 et
1246 2510 1329 2549 139
1355 2507 1407 2550 in
1429 2510 1462 2548 P
1485 2507 1604 2551 inter
1627 2520 1672 2550 se
1696 2511 1845 2549 trans-

151 2604 298 2660 positi
321 2604 534 2706 lezuntwr
561 2607 566 2659 Ι
595 2604 795 2662 Invenit,
820 2608 879 2652 al.
896 2621 954 2652 m.
971 2621 1201 2663 suprascr.
1226 2571 1383 2665 polupic
1400 2614 1433 2652 P
1456 2611 1471 2665 ΙΙ
1499 2613 1580 2653 139
1598 2607 1849 2651 turbarant

158 2666 191 2704 P
229 2662 369 2706 turba
404 2663 487 2707 ant
532 2665 665 2709 ceteri
701 2667 717 2723 ΙΙ
757 2670 840 2710 142
879 2665 1084 2710 laceram
1122 2672 1154 2710 P
1192 2667 1350 2712 lacera
1388 2670 1521 2713 ceteri
1555 2671 1561 2723 Ι
1596 2668 1777 2710 maesta
1814 2672 1848 2710 P

158 2723 388 2766 maestam
426 2723 560 2768 ceteri
596 2725 611 2779 ΙΙ
653 2729 737 2768 144
776 2723 986 2781 roganti,
1028 2727 1087 2770 al.
1120 2740 1176 2771 m.
1208 2741 1436 2784 suprascr.
1475 2728 1577 2770 erat
1608 2724 1738 2768 simii
1768 2730 1802 2768 P
1830 2727 1848 2792 fl

161 2784 243 2825 145
277 2780 377 2834 Quo
410 2781 691 2827 Schraderus
720 2784 736 2839 ΙΙ
770 2788 852 2827 146
884 2784 1055 2828 tacitos
1086 2789 1119 2827 P
1149 2784 1344 2830 timidos
1378 2787 1510 2830 ceteri
1531 2787 1547 2841 ΙΙ
1573 2789 1658 2829 150
1690 2784 1844 2841 aperti

157 2842 190 2880 P
222 2838 374 2897 operti
406 2842 539 2885 ceteri
561 2842 576 2898 ΙΙ
602 2845 682 2884 151
715 2840 830 2885 Dira
860 2847 893 2885 P
923 2841 1048 2887 Diva
1070 2846 1203 2889 ceteri
1225 2847 1240 2902 ΙΙ
1266 2850 1350 2890 153
1383 2842 1582 2902 perfossi
1614 2842 1844 2901 sanguine

158 2901 303 2951 PepG
334 2898 534 2955 perfossi
566 2899 615 2943 in
649 2900 875 2957 sanguine
906 2902 1061 2945 30⁹1
1090 2903 1287 2959 perfossi
1320 2903 1481 2948 funere
1512 2903 1624 2948 Beh.

1398 2975 1488 3021 20*
