2008 3198
679 170 1022 216 THEBAIDOS
1054 170 1166 216 LIB.
1198 169 1277 215 ΠΙ.
1757 169 1832 223 65

138 293 356 348 Viderit
393 294 526 347 haec
565 293 710 346 bello
751 291 938 346 viridis
979 310 1192 346 manus:
1234 295 1320 345 ast
1358 308 1459 362 ego
1499 291 1668 345 doner

140 369 287 423 Dum
325 368 455 421 licet
491 368 618 438 igne
657 384 777 420 meo
817 370 1066 435 terraque
1105 366 1375 419 insternar
1413 363 1608 418 avital'

141 442 291 496 Haec
333 443 536 510 senior,
574 441 911 510 multumque
949 439 1102 493 nefas
1142 439 1386 493 Eteoclis
1427 442 1646 493 acervat

144 515 429 570 Crudelem
458 515 844 584 infandumque
877 531 1074 566 vocans
1106 531 1413 583 poenasque
1447 513 1716 570 daturum.
1746 525 1833 566 215

142 589 299 644 Unde
341 609 406 642 ea
443 589 705 642 libertas?
745 589 896 640 iuxta
934 587 1016 639 illi
1053 587 1177 640 finis
1218 591 1274 641 et
1313 591 1463 640 aetas

144 665 312 717 Torta
352 666 522 731 retro,
563 680 817 732 seraeque
857 660 1015 714 decus
1055 661 1187 714 velit
1226 661 1420 714 addere
1460 661 1638 713 morti.

218 737 369 791 Haec
407 740 557 790 sator
595 741 868 790 astrorum
906 734 1218 787 iamdudum
1258 753 1286 788 e
1325 735 1524 787 vertice
1563 733 1751 788 mundi

146 811 505 880 Prospectans
545 811 824 880 primoque
864 809 1100 861 imbutas
1142 809 1405 879 sanguine
1445 810 1636 879 gentes

149 885 441 939 Gradivum
482 884 643 938 acciri
681 901 908 953 propere
948 883 1111 937 iubet.
1188 883 1291 936 Ille
1329 883 1573 935 furentes
1751 894 1840 935 220

147 959 403 1012 Bistonas
444 962 498 1012 et
540 958 755 1011 Geticas
796 957 1091 1026 populatus
1134 957 1384 1010 caedibus
1425 957 1586 1009 urbes

148 1033 418 1086 Turbidus
460 1032 727 1091 aetherias
769 1049 955 1084 currus
995 1031 1226 1101 urgebat
1267 1031 1335 1084 ad
1374 1049 1549 1100 arces,

149 1106 395 1160 Fulmine
436 1107 722 1159 cristatum
763 1106 949 1176 galeae
990 1104 1148 1158 iubar
1188 1123 1445 1175 armaque
1485 1105 1542 1156 in
1582 1122 1713 1157 auro

149 1180 372 1246 Tristia,
412 1181 659 1252 terrificis
700 1183 1068 1232 monstrorum
1109 1179 1352 1232 animata
1391 1178 1603 1248 figuriS‚

147 1252 448 1308 Incutiens:
488 1257 646 1308 tonat
684 1272 782 1307 axe
814 1254 971 1323 polus
1013 1253 1272 1322 clipeique
1314 1256 1537 1306 cruenta
1757 1263 1842 1305 225

150 1328 269 1382 Lux
306 1329 487 1396 rubet,
528 1331 582 1381 et
622 1328 794 1380 solem
832 1328 994 1397 longe
1034 1327 1161 1380 ferit
1202 1328 1443 1380 aemulus
1486 1326 1651 1380 orbis·

152 1401 311 1457 Hunc
351 1402 445 1454 ubi
486 1401 817 1455 Sarmaticos
859 1401 1155 1453 etiamnum
1197 1401 1382 1454 efflare
1421 1401 1636 1453 labores

152 1476 403 1545 Iuppiter
443 1479 498 1529 et
535 1478 657 1529 tota
697 1475 973 1544 perfusum
1012 1479 1233 1542 pectora
1271 1475 1400 1527 belli

153 1550 501 1620 Tempestate
540 1550 709 1603 videt:
750 1549 904 1601 ‘talis
945 1548 1100 1613 mihi,
1140 1551 1287 1613 nate,
1327 1567 1423 1617 per
1463 1548 1667 1618 ArgOS,

155 1623 305 1677 Talis
346 1624 458 1692 abi,
498 1625 576 1676 sic
617 1641 742 1676 ense
782 1623 1026 1691 madem,
1064 1622 1167 1675 hac
1205 1623 1423 1675 nubilus
1463 1622 1560 1674 ira.
1756 1633 1841 1674 230

154 1697 466 1751 Exturbent
504 1698 708 1751 resides
748 1697 927 1750 frenos
969 1700 1023 1748 et
1062 1696 1239 1750 vincla
1277 1698 1458 1767 perosi

157 1771 237 1825 Te
276 1772 520 1842 cupiant,
558 1772 660 1825 tibi
699 1771 1025 1841 praecipites
1067 1771 1380 1840 animasque
1421 1786 1719 1838 manusque

156 1845 497 1914 Devoveant,
536 1864 665 1914 rape
706 1847 1019 1898 cunctantes
1061 1848 1115 1896 et
1154 1845 1372 1898 foedera
1411 1845 1596 1913 turba,

159 1916 258 1973 Oui
298 1919 562 1989 dedimus,
601 1919 704 1971 tibi
743 1918 827 1971 fas
867 1919 1014 1986 ipsos
1055 1913 1335 1971 incendere
1376 1918 1520 1971 bello

160 1991 459 2046 Caelicolas
499 2011 794 2062 pacemque
835 2010 1023 2044 meam.
1099 1990 1217 2044 Iam
1258 1992 1466 2045 semina
1504 2008 1717 2061 pugnae
1760 2002 1846 2043 235

158 2066 282 2136 Ipse
324 2067 467 2120 dedi:
507 2070 713 2120 remeat
752 2069 979 2136 portans
1019 2066 1279 2118 immania
1319 2066 1536 2135 Tydeus

159 2140 333 2208 Ausa,
373 2140 522 2194 ducis
563 2141 737 2194 scelus
778 2143 832 2193 et
871 2141 1047 2208 turpis
1087 2140 1382 2210 primordia
1422 2140 1574 2209 belli,

159 2214 392 2268 Insidias
433 2216 776 2284 fraudesque,
817 2215 925 2266 suis
969 2233 1101 2283 quas
1141 2216 1286 2267 ultus
1327 2215 1383 2267 in
1422 2214 1601 2267 armis

280 2350 366 2389 223
393 2360 459 2401 sq.
497 2346 738 2401 ‘armaque
763 2371 818 2378 —
843 2343 1016 2388 tristia'
1054 2345 1199 2389 Serv.
1234 2345 1294 2389 ad
1324 2344 1439 2389 Aen.
1465 2344 1507 2387 X
1539 2347 1638 2388 275.
1675 2343 1849 2388 schol.

161 2403 307 2448 Theb.
339 2404 404 2447 VI
436 2410 521 2449 536
554 2420 598 2461 p.
633 2410 719 2450 220
751 2404 799 2448 L.

282 2541 370 2580 214
410 2537 601 2580 acerbat
640 2537 721 2591 op‘2
764 2537 987 2582 Heinsius
1017 2538 1031 2593 ΙΙ
1063 2542 1148 2582 217
1181 2537 1323 2581 Torta
1356 2538 1394 2580 ὃ
1433 2538 1488 2591 cf.
1522 2537 1635 2581 Ach.
1668 2536 1735 2578 II
1763 2539 1854 2579 110

163 2595 282 2640 Tota
307 2610 367 2640 co
359 2597 431 2640 Id.
456 2595 587 2639 Mota
607 2596 915 2641 Baehrensiccs
942 2600 948 2652 3
978 2596 1116 2639 decus
1141 2595 1257 2640 velit
1279 2596 1428 2638 Ρθῌ2
1457 2597 1597 2654 Pray
1625 2600 1649 2638 1
1678 2596 1716 2638 <5
1739 2593 1855 2638 velit

169 2654 308 2699 decus
341 2656 612 2711 38111222
654 2669 790 2698 curru
823 2655 1046 2712 surgebat
1079 2655 1128 2698 Γ
1104 2668 1436 2700 rzesemannus
1459 2657 1474 2711 ΙΙ
1499 2661 1584 2699 230
1617 2654 1704 2697 hac
1736 2658 1769 2695 Ρ
1801 2666 1855 2696 ac

164 2716 319 2757 Bam
350 2715 481 2759 schol.
517 2715 565 2756 et
595 2714 705 2759 Beh.
738 2716 754 2771 ΙΙ
787 2720 871 2758 231
906 2713 1064 2759 vincla
1094 2715 1331 2759 Bentleius
1362 2715 1532 2758 cuncta
1562 2714 1687 2757 codd.
1722 2714 1737 2770 ΙΙ
1767 2716 1856 2779 2351

167 2771 254 2818 Cui
294 2777 422 2816 PGH
462 2773 588 2817 Leid.
630 2774 763 2818 schol
804 2774 954 2818 Paris.
997 2774 1123 2827 Quae
1165 2775 1332 2831 reliqui
1364 2774 1377 2829 ΙΙ
1410 2779 1493 2817 237
1536 2774 1715 2828 turpes,
1764 2769 1856 2828 pri-

166 2832 350 2877 mordia
379 2831 509 2885 belli,
543 2830 739 2875 insidias
764 2834 1177 2891 interpunyemlum
1200 2847 1311 2878 cens.
1340 2833 1557 2877 Blenkius
1580 2831 1594 2887 ΙΙ
1619 2834 1703 2875 237
1738 2829 1858 2874 Orsa

168 2891 476 2937 Baehrensius
499 2895 514 2946 ΙΙ
538 2896 624 2935 238
655 2906 830 2936 versum
860 2894 1071 2949 spurium
1102 2894 1325 2938 iudicavit
1356 2891 1581 2935 Barthius

257 2973 397 3006 surm
421 2974 612 3007 Tannus.
1472 2967 1497 3006 5
