1942 3190
650 154 1056 202 ACHILLEIDOS
1088 155 1140 199 L.
1172 155 1208 199 I.
1710 151 1781 204 23

242 280 344 335 Sed
361 297 687 350 quamquam
705 282 760 331 et
777 277 978 347 gemini
994 276 1199 346 pariter
1216 294 1312 329 sua
1327 274 1474 328 bella
1497 274 1784 342 capessant

89 355 316 410 Atridae
353 354 664 424 famamque
704 352 863 406 avida
901 351 1102 405 virtute
1141 352 1427 419 paternam

87 429 326 499 Tydides
368 427 762 497 Sthenelusque
802 427 1074 496 premant,
1113 442 1213 477 nec
1253 423 1460 492 cogitet
1499 440 1670 476 annos

90 503 417 557 Antilochus
459 506 772 571 septemque
811 501 955 553 Aiax
991 500 1227 552 umbone
1267 499 1510 551 coruscet
1696 508 1784 550 470

84 577 335 631 Armenti
373 594 529 646 reges
570 579 729 646 atque
769 593 999 644 aequum
1038 573 1321 627 moenibus
1360 572 1568 640 orbem,

89 650 452 721 Consiliisque
493 651 761 720 armisque
800 649 935 719 vigil
975 647 1268 702 contendat
1304 645 1514 700 Ulixes,

89 726 276 780 Omnis
315 726 375 779 in
414 726 695 778 absentem
733 724 863 777 belli
901 741 1093 776 manus
1135 721 1287 775 ardet
1325 719 1620 787 Achillem,

87 799 304 854 Nomen
341 799 572 853 Achillis
621 801 827 868 amant,
874 800 929 850 et
978 797 1037 850 in
1076 796 1314 850 Hectora
1353 795 1499 847 solus
1542 792 1785 846 Achilles

88 874 352 943 Poscitur,
383 875 538 926 illum
572 892 740 926 unum
765 871 986 924 Teucris
1011 871 1337 939 Priamoque
1362 869 1658 939 loquuntur
1698 879 1784 920 475

86 947 349 1001 Fatalem.
426 947 558 1011 Quis
600 947 743 999 enim
781 945 1102 999 Haemoniis
1143 944 1240 997 sub
1282 943 1517 996 vallibus
1559 942 1700 995 alter

90 1020 338 1076 Creverit
378 1022 572 1076 effossa
610 1024 832 1090 reptans
871 1019 1033 1073 nive?
1112 1017 1276 1072 Cuius
1318 1018 1540 1070 adortus

90 1094 271 1149 Cruda
310 1096 616 1148 rudimenta
657 1098 711 1147 et
748 1097 964 1148 teneros
1003 1092 1321 1146 formaverit
1361 1109 1531 1144 annos

88 1169 430 1224 Centaurus?
506 1169 682 1222 Patrii
722 1169 945 1238 propior
984 1168 1070 1220 cui
1110 1167 1252 1219 linea
1292 1166 1451 1234 caeli,

88 1243 322 1307 Quemve
363 1244 529 1297 alium
570 1242 787 1313 Stygios
828 1242 1017 1295 tulerit
1057 1243 1263 1294 secreta
1301 1259 1397 1309 per
1436 1257 1621 1292 amnes
1698 1250 1786 1290 480

85 1317 278 1371 Nereis
320 1321 374 1370 et
411 1317 666 1388 pulchros
705 1317 847 1370 ferro
887 1314 1280 1384 praestruxerit
1320 1313 1508 1367 artus?

86 1390 237 1444 Haec
279 1391 471 1444 Graiae
511 1392 704 1443 castris
743 1392 944 1443 iterant
984 1389 1309 1457 traduntque
1350 1388 1615 1440 cohortes.

91 1463 248 1518 Cedit
286 1465 448 1517 turba
487 1465 682 1517 ducum
723 1464 974 1532 vincique
1013 1463 1149 1514 haut
1187 1464 1396 1514 maesta
1433 1461 1653 1513 fatetur.

239 1536 327 1591 Sic
367 1557 489 1591 cum
527 1538 774 1607 palantes
813 1537 1116 1606 Phlegraea
1154 1536 1211 1588 in
1251 1538 1432 1588 castra
1471 1535 1680 1587 coirent

89 1611 392 1666 Caelicolae
430 1612 643 1680 iamque
685 1611 974 1679 Odrysiam
1013 1609 1279 1663 Gradivus
1318 1610 1377 1662 in
1414 1609 1632 1661 hastam
1700 1619 1787 1661 485

91 1685 348 1756 Surgeret
385 1689 439 1738 et
476 1685 711 1754 Libycos
752 1685 1004 1738 Tritonia
1041 1684 1262 1737 tolleret
1302 1700 1506 1753 angues

89 1760 481 1830 Ingentemque
520 1778 684 1812 manu
722 1762 971 1813 curvaret
1010 1757 1199 1810 Delius
1240 1775 1445 1825 arcum,

94 1832 290 1887 Stabat
329 1834 524 1886 anhela
561 1836 708 1887 metu
750 1833 927 1886 solum
966 1831 1175 1886 Natura
1215 1831 1520 1884 Tonantem

92 1906 432 1974 Respiciens:
472 1907 686 1975 quando
726 1906 819 1958 ille
857 1906 1063 1958 hiemes
1103 1905 1447 1973 tonitrusque
1486 1906 1707 1957 vocaret

92 1978 359 2048 Nubibus,
397 1980 686 2050 igniferam
726 1982 858 2049 quot
895 1979 1125 2031 fulmina
1157 1981 1407 2047 posceret
1439 1976 1667 2030 Aetnen.
1699 1990 1787 2030 490

241 2053 420 2123 Atque
459 2054 538 2107 ibi
577 2054 704 2106 dum
744 2053 915 2105 mixta
953 2053 1148 2106 vallati
1185 2053 1342 2120 plebe
1383 2070 1602 2105 suorum

92 2127 167 2181 Et
204 2128 368 2180 maris
410 2130 464 2180 et
501 2128 632 2180 belli
671 2127 982 2181 consultant
1019 2131 1268 2195 tempora
1305 2142 1483 2195 reges,

213 2248 298 2287 467
332 2257 614 2299 quamquam
654 2245 702 2287 et
732 2242 909 2299 gemini
935 2246 973 2285 Δ
1015 2256 1302 2299 quamquam
1333 2241 1509 2299 gemini
1540 2246 1586 2284 Μ
1611 2241 1619 2299 Ι
1646 2241 1788 2286 laces-

94 2304 200 2347 sant
233 2303 450 2347 Menkius
473 2304 488 2359 ΙΙ
512 2306 597 2346 468
625 2302 764 2347 avida
786 2306 819 2344 P
844 2301 971 2346 avidi
994 2303 1127 2347 ceteri
1153 2304 1160 2358 Ι
1187 2303 1386 2359 paterna
1410 2299 1511 2344 (³²1)
1527 2301 1542 2358 Η
1567 2306 1653 2345 469
1687 2314 1790 2357 pre·

94 2363 195 2406 mat
208 2365 241 2404 P
256 2361 271 2418 ΙΙ
289 2366 373 2405 471
390 2362 425 2404 Ι
423 2362 812 2417 nterpunctionem
829 2362 1008 2406 correaei
1031 2361 1246 2405 Armenti
1260 2374 1407 2417 reges,
1425 2362 1568 2416 atque
1587 2373 1790 2416 aequum

95 2420 339 2464 moenibus
364 2421 524 2464 orbem
549 2419 754 2464 consiliis
778 2421 894 2464 dant
917 2421 1014 2466 edd.
1039 2422 1055 2477 ΙΙ
1078 2425 1164 2464 472
1191 2418 1497 2475 Consiliisque
1519 2423 1602 2461 AG
1634 2418 1790 2463 Consi-

96 2478 172 2523 liis
202 2483 248 2520 Π
279 2479 377 2522 edd.
400 2480 417 2535 ΙΙ
441 2485 527 2523 476
560 2479 744 2524 valibus
776 2483 808 2521 P
831 2481 847 2536 ΙΙ
871 2484 956 2523 477
990 2479 1049 2523 ad
1083 2481 1211 2524 ortus
1235 2483 1268 2522 P
1300 2478 1491 2523 adortus
1516 2478 1574 2520 (1²
1599 2477 1657 2522 ab
1685 2479 1791 2522 ortu

94 2541 209 2580 Pon
240 2537 336 2581 edd.
373 2539 389 2594 ΙΙ
423 2542 505 2582 481
540 2538 683 2582 Nerei
709 2542 742 2580 P
769 2538 1138 2595 {praestruxerit
1163 2542 1201 2581 Δ
1231 2538 1363 2582 Leid.
1394 2536 1721 2594 perstrinxerit
1743 2540 1790 2578 H.

94 2595 450 2653 praestrinxerit
469 2597 702 2654 Queckius.
738 2554 833 2652 Gfp
836 2597 965 2641 Mus.
990 2596 1134 2641 Rhen
1164 2597 1325 2640 XXX
1346 2610 1396 2652 p.
1394 2553 1512 2641 p475
1534 2597 1551 2653 ΙΙ
1574 2600 1661 2640 484
1688 2595 1788 2652 pal-

96 2655 246 2699 lentes
278 2658 316 2697 A
348 2655 476 2698 Leid.
501 2661 537 2698 Ι)
570 2656 799 2700 bellantes
830 2660 955 2710 pGE
986 2656 1216 2713 pallantes
1240 2662 1260 2698 t
1290 2656 1504 2713 palantes
1534 2655 1643 2699 Αἶά.
1676 2654 1788 2697 Ber-

96 2718 218 2758 nart.
250 2714 477 2758 Barthius
506 2715 522 2770 ΙΙ
563 2720 648 2760 486
679 2714 882 2771 lybricos
910 2719 942 2757 P
980 2716 996 2772 ΙΙ
1035 2719 1121 2760 488
1155 2715 1255 2759 sola
1277 2719 1310 2756 P
1343 2714 1492 2759 solum
1523 2714 1618 2758 iam
1650 2712 1791 2757 turba

96 2773 407 2817 Baehrensius
430 2773 445 2829 ΙΙ
469 2777 555 2816 490
580 2778 620 2817 et
644 2778 729 2817 491
754 2774 807 2817 in
829 2778 861 2816 P
893 2775 1012 2818 inter
1034 2788 1079 2818 se
1103 2774 1374 2830 transpositi
1389 2777 1496 2817 sunt
1518 2773 1534 2828 ΙΙ
1557 2777 1644 2815 490
1665 2771 1791 2828 quod

0 2866 3 2907 ἱ
96 2831 296 2875 fulmina
329 2831 430 2874 PG²
470 2833 586 2887 quot
616 2832 813 2876 fulmina
843 2832 973 2879 Leid.
1010 2847 1083 2888 pr.
1116 2847 1173 2877 m.
1207 2846 1298 2889 quo
1339 2831 1538 2875 fulmina
1569 2835 1626 2873 Po
1669 2844 1790 2887 quae

100 2890 297 2934 fulmina
328 2895 373 2933 Μ
400 2892 407 2947 Ι
434 2891 616 2935 Aetnen
640 2894 672 2932 P
705 2890 870 2936 ethnen
891 2890 948 2934 (3²
979 2892 1180 2936 Aetnam
1210 2896 1321 2934 Pom
1343 2892 1359 2947 ΙΙ
1383 2895 1468 2934 491
1501 2889 1705 2946 plebol’
