2008 3198
197 163 307 216 120
775 162 824 208 Ρ.
857 161 1085 209 PAPINII
1117 163 1309 209 STATII

199 284 426 338 Dulcius
464 282 684 338 Edonas
724 283 930 340 hiemes
972 284 1288 354 Arctonque
1326 289 1663 354 prementem

197 357 484 427 Excipere,
524 360 618 411 aut
655 358 877 411 tandem
916 359 1087 411 tacita
1124 361 1253 428 post
1290 359 1500 427 proelia
1536 363 1696 416 nocte

198 431 516 485 Fractorum
558 431 767 485 subitas
806 434 1112 485 torrentum
1153 431 1339 485 audire
1378 433 1577 488 ruinas.
1832 449 1892 490 80

196 505 335 559 Illae
376 507 558 558 autem
597 506 784 559 tristes
825 504 976 575 (nam
1015 524 1101 559 me
1140 508 1268 560 tunc
1306 506 1482 560 libera
1520 509 1662 563 curis

196 578 506 650 Virginitas
546 579 780 649 annique
819 578 1036 650 tegunt)
1077 580 1176 633 sub
1214 583 1375 634 nocte
1416 580 1608 651 dieque

195 651 457 706 Adsiduis
500 671 696 724 aegrae
735 654 792 706 in
830 654 1070 707 lacrimis
1111 654 1346 708 solantia
1383 655 1615 710 miscent

198 725 525 797 Conloquia,
559 731 655 781 aut
680 746 896 782 saevam
922 730 1171 797 spectant
1192 731 1344 782 trans
1370 748 1607 798 aequora
1634 729 1892 789 Thracen.

208 867 216 870 „
271 799 365 854 Sol
405 819 630 870 operum
669 802 876 856 medius
917 820 1126 855 summo
1166 802 1404 856 librabat
1444 802 1675 874 Olympo
1834 814 1892 863 85

193 874 485 944 LucenteS‚
524 893 621 929 ceu
661 878 854 944 staret,
895 893 1084 945 equos3
1125 879 1316 946 quater
1355 895 1453 930 axe
1494 896 1682 933 sereno

192 948 464 1019 Intonuit,
504 951 694 1018 quater
733 952 888 1003 antra
928 949 1013 1002 dei
1052 949 1314 1003 fumantis
1356 951 1576 1005 anhelos
1642 969 1650 977 ·

192 1021 468 1077 Exeruere
509 1023 711 1092 apices,
750 1023 1033 1093 ventisque
1074 1024 1388 1077 absentibus
1427 1024 1620 1096 Aegon

192 1094 375 1150 Motus
417 1100 472 1150 et
510 1097 722 1166 ingenti
761 1097 1031 1166 percussit
1070 1098 1236 1151 litora
1272 1101 1463 1167 ponto:

194 1168 331 1223 Cum
372 1170 554 1224 subito
593 1171 893 1224 horrendas
934 1172 1052 1224 aevi
1093 1174 1306 1224 matura
1344 1171 1550 1242 Polyxo
1831 1187 1888 1230 90

191 1242 426 1297 Tollitur
464 1244 522 1297 in
560 1243 729 1298 furias
768 1245 1133 1314 thalamisque
1172 1246 1386 1299 insueta
1424 1245 1627 1300 relictis

190 1317 405 1371 Evolat.
482 1318 684 1372 Insano
724 1319 894 1372 veluti
934 1318 1220 1372 Teumesia
1257 1319 1443 1388 thyias

190 1390 372 1461 Rapta
414 1391 538 1462 deo,
577 1410 699 1445 cum
740 1411 893 1446 sacra
930 1395 1128 1446 vocant
1164 1391 1433 1462 Idaeaque
1477 1394 1668 1448 suadet

190 1463 376 1519 Buxus
417 1468 472 1519 et
504 1485 537 1518 a
569 1467 793 1519 summis
834 1465 1049 1519 auditus
1089 1466 1364 1520 montibus
1403 1465 1621 1522 Euhan:

192 1537 281 1592 Sic
322 1541 503 1594 erecta
543 1557 712 1610 genas
754 1540 1027 1610 aciemque
1069 1540 1242 1594 offusa
1280 1542 1536 1594 trementi
1829 1555 1888 1597 95

192 1611 468 1683 Sanguine
510 1613 780 1667 desertam
818 1614 1022 1666 rabidis
1065 1615 1387 1667 clamoribus
1431 1615 1621 1668 urbem

189 1685 476 1757 Exagitat',
517 1688 835 1757 clausasque
877 1687 1069 1740 domus
1110 1690 1166 1740 et
1203 1688 1392 1741 limina
1429 1689 1654 1758 pulsans

191 1758 499 1814 Concilium
537 1763 720 1831 vocat3
758 1760 945 1814 infelix
984 1761 1276 1814 comitatus
1318 1762 1468 1814 eunti

190 1832 507 1888 Haerebant
544 1834 674 1887 nati.
739 1833 920 1904 Atque
958 1834 1057 1888 illa
1093 1852 1205 1888 non
1244 1835 1461 1906 segnius
1502 1853 1691 1890 omnes

311 1985 378 2025 78.
424 1978 642 2023 ‘Tristius
688 1979 877 2024 Edonas
917 1980 962 2025 h.
1003 1979 1302 2036 Hebrumque
1345 1979 1573 2024 nivalem'
1624 1981 1774 2028 Serv.
1821 1981 1886 2027 ad

189 2038 303 2082 Aen.
331 2036 420 2082 XII
445 2043 545 2083 365.
598 2038 809 2083 ‘Dulcius
841 2038 1029 2083 Edonas
1060 2038 1238 2083 hiemes
1267 2039 1313 2085 h.
1337 2040 1403 2083 n.'
1439 2042 1727 2085 comment.
1752 2039 1887 2088 Ber-

188 2111 341 2143 nens.
389 2097 451 2141 ad
497 2097 667 2141 Lucan.
708 2097 730 2140 I
770 2103 855 2143 675
895 2112 939 2154 p.
982 2103 1060 2153 44,
1109 2102 1165 2142 25
1197 2097 1249 2142 U.
1299 2124 1354 2130 —
1404 2103 1473 2142 94.
1511 2099 1578 2143 ‘et
1609 2124 1665 2132 —
1696 2098 1883 2145 Euhan’

189 2156 453 2200 Priscian
483 2156 550 2200 VI
582 2163 622 2211 6,
656 2162 711 2201 29
744 2172 787 2213 p.
822 2161 908 2200 220
940 2156 998 2200 Η.

311 2294 365 2334 ’78
397 2288 599 2333 Tristius
639 2288 760 2334 Serv.
791 2290 797 2345 Ι
824 2287 1011 2332 Edonas
1053 2287 1174 2332 Serv.
1210 2286 1435 2346 (‘Statius
1474 2290 1523 2332 et
1551 2287 1805 2346 Virgilium
1835 2291 1887 2336 et

190 2349 340 2392 artem
388 2349 574 2391 secutus
624 2346 712 2391 ait:
767 2346 967 2391 Tristius
1014 2347 1201 2391 Edonas
1249 2347 1378 2403 eto.')
1433 2360 1583 2392 comm.
1631 2348 1775 2395 Rern.
1822 2350 1887 2398 ad

188 2407 368 2451 Lucan.
401 2408 498 2451 edd.
535 2408 641 2451 inde
672 2422 702 2451 a
738 2406 933 2451 Gronov.
983 2406 1174 2450 edonias
1211 2408 1337 2451 codd.
1371 2407 1428 2461 cf.
1462 2406 1586 2450 XII
1613 2410 1716 2453 733.
1785 2407 1884 2455 No-
1970 2436 1973 2439 «

189 2466 383 2511 tandum
421 2471 485 2509 est
524 2466 652 2521 apud
691 2465 771 2510 Sil.
807 2467 871 2509 It.
904 2465 986 2509 IV
1011 2469 1103 2511 776
1141 2470 1181 2509 et
1221 2465 1466 2509 Lucanum
1499 2467 1535 2509 I
1564 2470 1653 2511 675
1683 2467 1884 2524 neglecta

189 2525 447 2582 quantitate
475 2538 639 2581 yraeca
672 2525 760 2581 leyi
789 2523 963 2569 Edonis
993 2527 998 2581 Ι
1026 2525 1315 2581 prementem
1346 2529 1378 2566 P
1409 2524 1686 2570 frementem
1716 2524 1881 2585 ceteri-f

187 2583 487 2639 Hebrumque
518 2582 725 2627 nivalem
757 2583 877 2628 Serv.
903 2586 918 2639 ΙΙ
943 2587 998 2627 82
1033 2583 1117 2627 sub
1151 2597 1232 2627 om.
1269 2598 1307 2626 π
1347 2585 1468 2628 unde
1498 2585 1734 2629 Bentleius
1764 2586 1887 2630 coni.

187 2644 467 2698 noctemque
515 2641 730 2695 diemque
772 2643 836 2686 vel
874 2643 1127 2698 noctesque
1170 2641 1362 2697 diesque
1403 2644 1501 2687 coll.
1540 2644 1652 2689 Aah.
1684 2643 1721 2686 I
1745 2645 1838 2688 637
1866 2642 1884 2702 ΙΙ

189 2706 245 2746 83
277 2701 329 2745 111
359 2715 442 2747 om.
474 2705 562 2743 Bu
599 2702 615 2756 ΙΙ
653 2704 710 2743 84
741 2699 967 2755 Alloquia
1010 2701 1322 2745 Marklandus
1345 2702 1360 2757 ΙΙ
1385 2706 1439 2745 92
1478 2701 1636 2758 thyias
1679 2706 1712 2744 P
1740 2700 1881 2758 thyas

188 2765 276 2804 ΒΜ
299 2762 397 2807 edd.
423 2761 438 2817 ΙΙ
463 2764 517 2805 95
551 2762 736 2803 exserta
766 2772 911 2815 genas
953 2760 1179 2817 Unyerus,·
1211 2764 1259 2804 at
1291 2761 1346 2814 cf.
1380 2760 1448 2803 II
1469 2765 1560 2806 506
1576 2760 1689 2806 Ach.
1708 2761 1744 2803 I
1757 2760 1882 2819 7644

190 2818 339 2864 offusa
367 2819 588 2865 Heinsius
628 2816 774 2862 effusa
798 2820 923 2864 codd.
956 2821 971 2875 ΙΙ
1004 2824 1060 2864 96
1093 2817 1324 2862 deiectam
1354 2819 1580 2865 Barthius
1601 2821 1617 2876 ΙΙ
1639 2817 1818 2875 rapidis
1848 2823 1884 2862 P

188 2878 299 2923 Βοὴ.
334 2878 608 2934 6Τ1π1199
641 2876 750 2920 11136
782 2878 908 2922 codd.
942 2879 1056 2934 edd„
1088 2891 1200 2923 corr.
1234 2877 1543 2923 Baehrensius
