2008 3198
212 181 316 233 124
556 241 564 250 ¹
766 179 832 231 ‚P.
864 177 1096 224 PAPINII
1129 175 1323 224 STATH

211 299 369 354 Serta
407 300 551 354 inter
589 299 865 369 festasque
905 299 1069 368 dapes
1111 316 1216 367 quo
1255 297 1503 352 maxima'
1531 298 1682 353 cultu

211 375 470 444 Quaeque
509 374 708 443 iacent3
748 373 966 427 dederat
1004 373 1164 425 mites
1206 369 1476 441 Cytherea
1515 389 1766 442 suprema

210 446 386 502 Nocte
427 448 571 502 viros
610 448 881 517 longoque
920 448 1140 500 brevem
1178 448 1304 515 post
1341 449 1584 515 tempore
1620 464 1812 517 pacem

207 521 555 591 Nequiquam
595 524 649 574 et
687 522 916 574 miseros
954 520 1193 590 perituro
1235 519 1529 574 adflaverat
1566 519 1696 591 igni.
1727 523 1731 526 ’

209 593 530 649 Conticuere
571 595 743 664 chori,
783 595 1011 665 dapibus
1050 594 1284 663 ludoque
1323 594 1512 647 licenti
1818 605 1903 648 195

206 668 297 721 Fit
335 669 526 723 modus
567 672 622 722 et
659 670 868 738 primae
909 669 1224 722 decrescunt
1263 686 1540 722 murmura
1578 667 1778 738 noctis,

206 741 344 796 Cum
384 743 773 814 consanguinei
813 743 1014 796 mixtus
1055 742 1287 812 caligine
1326 742 1448 795 Leti

203 816 347 870 Rore
386 817 609 870 madens
651 816 842 887 Stygio
882 816 1203 870 morituram
1243 816 1590 886 amplectitur
1626 815 1817 870 urbem

208 889 440 944 Somnus
481 894 535 943 et
572 890 863 960 implacido
903 890 1084 943 fundit
1122 890 1314 959 gravia
1353 890 1466 944 otia
1506 907 1673 943 cornu

210 962 560 1035 Secernitque
598 965 761 1019 viros.
837 964 1088 1034 Vigilant
1125 966 1434 1033 nuptaeque
1472 970 1746 1033 nurus'que
1817 975 1905 1018 200

208 1037 275 1090 In
315 1039 490 1091 scelus
499 1080 514 1108 ‚
554 1041 715 1108 atque
753 1038 954 1091 hilares
997 1039 1196 1091 acuunt
1233 1037 1349 1090 fera
1387 1037 1497 1091 tela
1538 1036 1776 1091 Sorores

209 1111 465 1165 Invasere
504 1112 682 1182 nefaS‚
723 1115 917 1165 cuncto
958 1130 1055 1165 sua
1092 1114 1288 1180 regnat
1325 1109 1526 1181 Erinys

209 1185 450 1239 Pectore.
511 1185 639 1239 Non
679 1186 838 1239 aliter
879 1184 1160 1255 Scythicos
1201 1187 1447 1238 armenta
1484 1202 1581 1254 per
1620 1201 1782 1255 agros

210 1259 502 1328 Hyrcanae
542 1260 783 1313 clausere
822 1260 962 1325 leae,
1003 1277 1136 1328 quas
1177 1258 1346 1328 exigit
1384 1261 1508 1312 ortu

211 1331 398 1386 Prima
436 1334 630 1402 fames,
671 1334 918 1403 avidique
957 1333 1257 1402 implorant
1295 1332 1463 1386 ubera
1499 1332 1634 1386 nati.
1819 1342 1905 1386 205

212 1406 359 1469 Quos
400 1407 501 1460 tibi
539 1425 691 1476 nam,
731 1407 943 1476 dubito,
984 1406 1251 1460 scelerum
1291 1405 1356 1460 de
1395 1405 1544 1459 mille
1583 1405 1771 1476 figuris

206 1479 510 1550 Expediam
551 1500 722 1535 casus.
782 1481 1043 1550 Elymum
1082 1480 1373 1533 temeraria
1413 1478 1594 1550 Gorge

202 1553 500 1608 Evinctum
538 1556 704 1608 ramis
747 1555 965 1624 altaque
1005 1555 1064 1607 in
1102 1554 1244 1607 mole
1282 1556 1529 1623 tapetum

202 1627 501 1681 Effiantem
544 1648 731 1682 somno
772 1629 1068 1682 crescentia
1105 1628 1231 1683 vina
1271 1630 1584 1695 superstans

208 1700 451 1754 Vulnera
491 1702 717 1755 disiecta
755 1703 986 1755 rimatur
1024 1703 1196 1770 veste,
1238 1701 1330 1753 sed
1371 1701 1528 1753 illum
1817 1712 1904 1755 210

207 1774 401 1828 Infelix
442 1794 603 1844 sopor
644 1776 863 1829 admota
903 1776 1002 1828 sub
1044 1778 1220 1827 morte
1260 1774 1479 1843 refugit.

205 1847 478 1902 Turbidus
518 1850 891 1919 incertumque
932 1848 1103 1902 oculis
1142 1848 1500 1919 vigilantibus
1540 1848 1754 1901 hostem

205 1921 448 1992 Occupat
488 1925 759 1992 amplexu,
799 1941 899 1976 nec
939 1922 1156 1993 segnius
1197 1923 1294 1976 illa
1332 1922 1566 1975 tenentis

203 1994 353 2049 Pone
395 1997 569 2068 adigit
609 2000 815 2066 costas„
856 1997 1024 2050 donec
1064 2015 1161 2050 sua
1199 1998 1423 2064 pectora
1460 1995 1603 2048 ferro

202 2067 489 2141 Tangeret.
565 2071 620 2124 Is
661 2072 874 2124 demum
916 2071 1104 2123 sceleri
1142 2070 1357 2137 modus3
1400 2088 1495 2122 ora
1535 2068 1754 2137 supinat
1813 2080 1900 2122 215

202 2141 446 2197 Blandus
490 2145 663 2198 adhuc
704 2144 980 2212 oculisque
1020 2147 1257 2195 tremens
1291 2146 1344 2195 et
1375 2160 1650 2195 murmure
1684 2141 1903 2211 Gorgen

321 2264 405 2303 212
434 2274 499 2314 sq.
531 2259 767 2303 ‘turbidus
788 2285 842 2293 —
860 2258 1096 2315 amplexu’
1131 2256 1409 2301 Priscian.
1444 2258 1486 2301 V
1510 2262 1551 2312 5,
1577 2261 1632 2301 27
1657 2271 1702 2314 p.
1730 2261 1815 2302 159
1838 2255 1897 2304 Η.

324 2366 406 2405 195
440 2362 567 2406 thori
592 2363 630 2406 δ
653 2363 786 2419 prob.
818 2361 1026 2406 Bentleio
1049 2361 1064 2417 ΙΙ
1091 2364 1173 2404 199
1205 2359 1444 2417 inplacido
1468 2364 1543 2403 PB
1573 2362 1646 2418 (ex
1669 2359 1898 2418 inplacito

202 2422 335 2476 corr.)
375 2419 609 2477 implicito
642 2435 721 2475 pa
751 2421 863 2466 Βοὴ.
905 2424 1121 2477 quattuor
1161 2419 1316 2464 Pazat.
1361 2418 1551 2464 Gruteri
1588 2419 1720 2477 Lips.
1761 2420 1893 2478 prob.

196 2478 395 2523 Heinsio
418 2481 434 2536 ΙΙ
459 2485 545 2523 204
575 2481 846 2524 Nocturnae
872 2493 908 2523 c.
938 2478 1076 2535 lupae
1102 2477 1461 2523 Friesemanrms
1488 2483 1493 2533 Ι
1523 2477 1639 2522 exiit
1667 2483 1700 2522 1³
1726 2479 1734 2534 Ι
1761 2479 1897 2524 antro

195 2536 524 2582 Lachmannus
549 2540 564 2594 ΙΙ
587 2544 673 2583 205
707 2537 835 2583 avidi
871 2552 976 2581 cum
1010 2538 1262 2581 Muellerus
1300 2537 1315 2593 ΙΙ
1355 2542 1440 2581 206
1475 2538 1897 2595 Interpwnetionem

197 2610 311 2642 corr.
359 2597 686 2642 Lachmannus
729 2601 734 2654 Ι
777 2596 869 2641 tibi
915 2596 1009 2640 iam
1059 2596 1368 2641 Baehrensius
1415 2599 1420 2653 Ι
1461 2601 1547 2642 207
1594 2596 1832 2652 helymum
1862 2600 1896 2638 P

195 2657 316 2700 sicut
358 2657 524 2714 Ieyitur
564 2658 691 2712 apud
739 2656 867 2712 Very.
909 2657 1025 2701 Aere.
1076 2655 1120 2698 V
1146 2658 1220 2698 73.
1262 2659 1353 2699 300
1442 2654 1634 2699 elimum
1669 2659 1759 2698 Bu
1811 2653 1895 2698 eli—

195 2729 327 2758 mum
359 2719 394 2758 G
438 2714 656 2772 Elymum
680 2716 858 2771 scripsi,
891 2729 1000 2759 nam
1029 2727 1186 2772 yraece
1208 2718 1272 2758 est
1291 2709 1513 2770 Ἔλυμοςς
1545 2716 1614 2759 ita
1638 2714 1744 2770 leyit
1765 2712 1893 2758 Serv.

197 2775 260 2818 ad
283 2775 399 2820 Ae‘n.
432 2774 476 2818 V
493 2778 566 2820 73.
611 2774 681 2829 Cf.
704 2775 780 2819 Ov.
803 2775 916 2818 Met.
935 2774 1058 2817 XII
1073 2777 1163 2818 455
1188 2775 1203 2829 ΙΙ
1227 2778 1312 2816 212
1330 2773 1624 2828 incertusque
1644 2773 1792 2817 Prisc.
1809 2774 1893 2815 RB

198 2833 328 2887 (corr.
355 2847 410 2878 ex
434 2832 772 2889 incertumque)
804 2835 809 2888 Ι
836 2831 1095 2878 vilantibus
1118 2836 1151 2874 P
1174 2833 1190 2888 ΙΙ
1215 2837 1299 2876 216
1327 2845 1412 2889 per
1435 2844 1672 2876 murmura
1695 2831 1734 2875 δ
1755 2830 1892 2888 prob.

194 2890 403 2936 Bentleio
435 2893 737 2939 Burmannus
762 2907 782 2937 e
813 2893 938 2937 codd.
