2028 3190
664 152 1010 205 THEBAIDOS
1043 153 1156 199 LIB.
1191 154 1269 198 IX.
1704 153 1812 207 251

117 275 450 344 Dotalesque
489 291 653 345 rogos
694 274 1021 345 deceptaque
1061 274 1293 328 fulmina
1330 275 1444 329 vidi
1728 288 1814 328 425

118 349 551 419 Praecipuosque
589 348 699 402 alui
735 348 1027 402 natorum?
1066 367 1137 402 an
1173 349 1298 403 vilis
1338 352 1393 403 et
1429 349 1544 404 illis

121 423 347 478 Gratia?
386 423 454 476 ad
493 423 637 476 hunc
677 425 820 476 certe
858 423 1028 491 repsit
1066 421 1384 492 Tirynthius
1426 441 1664 492 amnem,

117 497 239 552 Hac
277 497 382 551 tibi
420 497 741 567 flagrantem
779 495 1063 549 Bromium
1102 497 1449 551 restinximus
1489 498 1647 551 unda.

119 572 340 641 Aspice,
379 590 513 641 quas
552 570 714 624 fluvio
755 571 965 638 caedeS,
1006 588 1142 640 quae
1180 570 1373 624 funera
1410 574 1651 641 portem,

121 645 424 700 Continuus
464 645 590 698 telis
631 645 846 714 alioque
886 644 1177 713 adopertus
1219 662 1422 698 acervo.
1727 659 1815 700 430

120 719 294 774 Omne
331 719 528 772 vadum
567 718 700 771 belli
740 718 906 773 series
944 720 1119 787 tenet,
1160 719 1335 771 omnis
1376 719 1599 773 anhelat

119 793 280 847 Unda
316 793 494 862 nefas,
533 794 824 862 subterque
865 793 1082 846 animae
1123 810 1392 861 supraque
1431 796 1675 848 recentes

117 866 324 921 Errant
362 869 418 919 et
458 867 701 936 geminas
740 868 973 937 iungunt
1011 866 1240 936 caligine
1280 867 1444 935 ripaS.

117 942 217 995 Ille
258 958 358 1011 ego
399 941 665 994 clamatus
705 942 871 994 sacris
911 941 1209 993 ululatibus
1251 941 1448 1010 amniS,

119 1014 226 1078 Qui
264 1015 455 1068 molles
495 1015 714 1084 thyrsos
753 1014 1110 1084 Baccheaque
1150 1032 1353 1068 cornua
1390 1034 1526 1084 puro
1731 1030 1817 1070 435

117 1088 290 1143 Fonte
332 1089 516 1142 lavare
554 1089 722 1158 feror,
762 1089 998 1159 stipatus
1039 1088 1294 1141 caedibus
1336 1093 1483 1142 artas

118 1162 183 1216 In
221 1163 362 1216 freta
400 1181 600 1232 quaero
641 1163 780 1233 vias3
819 1181 931 1216 non
969 1160 1289 1231 Strymonos
1329 1162 1501 1231 impia
1540 1166 1695 1216 tanto

118 1235 329 1307 Stagna
367 1255 556 1290 cruore
594 1240 812 1305 natant,
849 1255 960 1290 non
1000 1236 1264 1305 spumifer
1303 1237 1468 1290 altius
1508 1237 1726 1290 Hebrus

121 1309 358 1364 Gradivo
398 1311 636 1364 bellante
674 1312 850 1364 rubet.
924 1309 1040 1363 Nec
1078 1313 1132 1362 te
1173 1309 1427 1363 admonet
1467 1312 1631 1364 altrix

118 1383 283 1438 Unda
313 1387 545 1453 tuasque
575 1403 791 1453 manuS,
823 1385 933 1436 iam
964 1383 1173 1451 pridem
1206 1383 1381 1436 oblite
1408 1388 1698 1452 parentum
1730 1399 1817 1439 440

119 1457 323 1511 Liber?
364 1475 434 1511 an
471 1457 621 1511 Eous
662 1458 856 1511 melius
897 1459 1122 1526 pacatur
1160 1455 1487 1525 Hydaspes?

120 1532 200 1584 At
236 1536 320 1599 tu,
362 1532 456 1602 qui
493 1531 731 1585 tumidus
773 1531 964 1601 spoliis
1006 1534 1060 1584 et
1098 1531 1362 1601 sanguine
1403 1532 1607 1600 gaudes

118 1604 361 1659 Insontis
400 1606 576 1674 pueri,
614 1624 724 1659 non
764 1606 868 1659 hoc
908 1623 973 1658 ex
1014 1622 1170 1658 amne
1210 1608 1488 1674 potentem

34 1700 45 1704 ‘
119 1678 361 1733 Inachon
402 1683 498 1733 aut
538 1697 726 1733 saevas
765 1680 941 1733 victor
979 1677 1237 1732 revehere
1276 1677 1557 1749 Mycenas,

120 1752 196 1806 Ni
226 1754 475 1807 mortalis
508 1771 610 1823 ego
645 1758 700 1807 et
731 1754 835 1807 tibi
868 1753 1059 1806 ductus
1094 1753 1160 1805 ab
1195 1753 1413 1806 aethere
1439 1753 1696 1824 sanguis?
1730 1768 1819 1808 445

197 1825 285 1880 Sic
325 1827 404 1878 ait
441 1827 750 1879 infrendens
792 1829 846 1879 et
885 1829 1078 1895 sponte
1118 1826 1423 1879 furentibus
1463 1828 1622 1881 undis

124 1899 293 1970 Signa
332 1900 502 1954 dedit:
542 1900 716 1953 mittit
755 1900 961 1970 gelidus
1001 1903 1263 1953 montana
1303 1898 1600 1954 Cithaeron

122 1973 346 2027 Auxilia
385 1974 744 2044 antiquasque
783 1975 935 2027 nives
976 1977 1031 2026 et
1067 1973 1271 2042 pabula
1312 1973 1537 2027 brumae

122 2047 207 2102 Ire
246 2047 418 2117 iubet3
457 2048 627 2101 frater
665 2048 859 2100 tacitas
900 2047 1118 2116 Asopos
1160 2047 1310 2100 eunti

123 2120 394 2175 Conciliat
433 2123 577 2175 vires
618 2124 672 2175 et
710 2121 905 2175 hiulcis
945 2121 1168 2174 flumina
1206 2121 1359 2174 venis
1730 2136 1818 2177 450

123 2194 395 2267 Suggerit.
470 2195 595 2265 Ipse
634 2214 797 2249 cavae
838 2198 1110 2249 scrutatur
1149 2195 1359 2248 viscera
1397 2198 1575 2248 terrae

126 2268 435 2340 Stagnaque
474 2273 859 2340 torpentesque
898 2270 1048 2322 lacus
1087 2268 1383 2339 pigrasque
1422 2270 1645 2338 paludes

124 2341 371 2411 Excutit,
411 2346 571 2412 atque
611 2344 798 2397 avidos
837 2344 1038 2396 tollens
1080 2342 1147 2396 ad
1188 2342 1365 2396 sidera
1404 2344 1585 2397 vultus

127 2414 383 2469 Umentes
424 2417 648 2470 nebulas
689 2417 939 2470 exhaurit
978 2420 1032 2470 et
1072 2434 1199 2469 aera
1239 2416 1419 2469 siccat.

124 2487 353 2559 Iamque
388 2508 548 2559 super
586 2491 731 2559 ripas
770 2494 997 2559 utroque
1038 2490 1311 2543 extantior
1350 2490 1468 2543 ibat
1729 2505 1816 2546 455

124 2562 367 2632 Aggere,
406 2564 517 2616 iam
555 2565 790 2617 medium
831 2564 990 2617 modo
1032 2564 1125 2633 qui
1164 2566 1516 2633 superaverat
1554 2583 1768 2618 amnem

125 2706 354 2749 suprascr,
387 2692 546 2749 hcule)
572 2692 840 2751 disiungere
865 2695 997 2739 ceteri
1019 2695 1035 2750 ΙΙ
1058 2698 1145 2738 430
1170 2693 1357 2751 alioque
1381 2698 1414 2736 P
1440 2694 1629 2751 altoque
1654 2698 1789 2742 cete-ri
1802 2699 1815 2755 {3

126 2756 214 2796 482
247 2765 477 2809 superque
509 2757 541 2794 P
565 2766 641 2809 pr.
672 2766 729 2798 m.
753 2756 880 2810 11435
911 2752 1085 2797 thirsos
1118 2752 1431 2811 bracchiaque
1456 2758 1488 2795 P
1510 2757 1526 2808 fl
1550 2760 1635 2799 436
1668 2754 1817 2801 libare

127 2813 161 2852 P
184 2824 260 2867 pr.
290 2825 346 2855 m.
372 2813 496 2867 {1449
528 2812 623 2855 ket
652 2816 686 2855 P
713 2814 719 2867 Ι
748 2825 917 2869 asopus
949 2816 1116 2855 PGET
1140 2814 1198 2868 cf.
1229 2814 1340 2860 VII
1357 2813 1448 2860 315
1469 2813 1484 2866 ss
1506 2819 1590 2859 451
1625 2812 1732 2872 ipsa
1754 2818 1815 2873 Pl

127 2881 279 2914 versus
309 2873 551 2916 494—903
583 2871 745 2916 deswnt
776 2872 828 2916 in
859 2871 953 2927 (3211
979 2875 1062 2916 455
1097 2873 1355 2919 exstantior
1386 2878 1418 2915 P
