2028 3190
212 153 324 207 312
796 153 847 199 Ρ.
881 153 1108 200 PAPINII
1139 154 1332 201 STATII

212 274 466 328 Hausisti
505 292 836 343 vacuamque
876 278 1059 328 tamen
1102 276 1348 330 sublimis
1389 278 1718 332 obumbras?
1816 293 1902 334 275

212 348 647 414 Deestservitio
686 348 896 416 plebes:
934 350 1035 403 hos
1075 350 1220 420 ignis
1261 354 1481 420 egentes

209 421 339 474 Fert
377 421 573 474 humus
584 463 598 490 ,
635 422 736 475 hos
776 423 973 493 pelago
1014 424 1222 492 patrius
1261 425 1369 477 iam
1411 424 1607 478 detulit
1645 428 1842 499 amnis;

209 495 286 548 Hi
328 499 597 564 quaerunt
635 499 785 549 artus
796 538 809 565 ‚
847 497 935 549 illi
974 498 1134 550 anxia
1173 499 1397 552 vulnera
1437 503 1645 552 curant.

209 569 393 622 Redde
434 569 667 640 agedum
707 571 918 624 miseris
957 571 1153 624 fratres
1193 575 1457 641 natosque
1496 575 1806 644 patresque,

210 643 396 696 Redde
416 644 560 697 arvis
581 644 934 714 domibusque
954 646 1120 699 viros!
1145 645 1255 699 Ubi
1272 646 1537 700 maximus
1548 647 1798 717 Hypseus
1817 660 1906 702 280

210 716 606 787 Finitimusque
646 717 867 787 Dryas?
906 720 1002 772 ubi
1039 719 1310 773 Phocidos
1351 739 1500 773 arma
1540 739 1767 775 sonorae

211 791 550 860 Euboicique
590 792 787 845 duces?
828 793 960 846 Illos
1000 796 1184 846 tamen
1224 812 1396 863 aequa
1436 795 1600 847 duelli

213 863 342 918 Sors
382 866 512 917 tulit
553 865 619 918 ad
658 865 868 920 Manes:
910 871 967 920 at
1005 870 1088 935 tu,
1128 868 1317 936 pudet!
1357 868 1538 922 hostia
1577 869 1755 938 regni,

209 938 430 1006 Hostia,
468 945 619 1008 nate,
659 941 823 1010 iaceS‚
864 959 958 995 ceu
999 944 1180 994 mutus
1221 945 1275 994 et
1315 960 1342 994 e
1382 959 1547 1012 grege
1588 944 1832 1012 sanguis,

211 1013 281 1066 Ei
319 1013 478 1066 mihi!
518 1014 776 1082 primitiis
817 1034 1033 1068 ararum
1075 1019 1128 1068 et
1167 1016 1272 1068 rite
1310 1016 1523 1069 nefasto
1815 1029 1904 1070 285

210 1087 438 1140 Libatus
480 1088 765 1156 iussusque
806 1089 965 1142 mori:
1006 1091 1061 1141 et
1101 1091 1443 1142 cunctabitur
1483 1090 1629 1143 ultra

209 1160 359 1213 Iste?
399 1179 497 1214 nec
538 1161 765 1215 adverso
805 1181 948 1215 nunc
989 1162 1184 1215 saltem
1222 1162 1399 1216 Marte
1439 1167 1656 1217 vocatus

211 1233 431 1287 Stabit?
472 1253 541 1287 an
580 1236 637 1287 in
676 1254 886 1306 pugnas
928 1237 1096 1289 alium
1137 1237 1288 1290 iubet
1326 1238 1403 1289 ire
1443 1237 1702 1305 profanus

209 1308 483 1361 Tiresias?
523 1310 825 1380 iterumque
866 1329 1016 1364 meos
1056 1311 1274 1363 oracula
1312 1312 1482 1363 nectit

208 1381 272 1435 In
298 1382 569 1451 gemitus?
596 1384 721 1452 quid
744 1385 886 1436 enim
904 1384 1101 1437 misero
1122 1403 1279 1453 super
1296 1385 1483 1437 unicus
1501 1384 1784 1438 Haemon?
1811 1398 1901 1440 290

209 1455 308 1509 1116
348 1456 472 1509 iube
513 1458 735 1526 subeat,
765 1461 931 1527 tuque
970 1458 1096 1511 hinc
1137 1462 1408 1527 spectator
1448 1459 1516 1511 ab
1559 1459 1673 1512 alta

210 1530 379 1583 Turre
419 1530 565 1583 sede!
629 1531 769 1594 Quid
808 1551 970 1585 saeva
1002 1531 1190 1584 fremis
1223 1532 1588 1601 famulamque
1621 1533 1902 1587 cohortem

210 1604 545 1672 Respectas‘?
584 1604 642 1656 hi
682 1609 734 1657 te
773 1606 853 1659 ire
892 1606 1106 1672 volunt,
1146 1606 1204 1658 hi
1243 1605 1473 1674 pendere
1513 1611 1739 1675 poenas;

208 1676 335 1746 Ipsa
376 1677 539 1730 etiam
579 1680 825 1747 genetrix
866 1680 1121 1749 ipsaeque
1164 1679 1322 1732 odere
1363 1698 1586 1733 sorores,

208 1751 274 1804 In
311 1754 366 1803 te
408 1751 599 1804 ardens
641 1753 807 1806 frater
828 1753 1049 1817 ¹ferrum
1091 1756 1424 1823 mortemque
1466 1754 1704 1807 minatur
1811 1766 1901 1808 295

211 1823 487 1895 Saevaque
526 1829 807 1894 portarum
848 1827 1104 1880 convellit
1143 1828 1401 1896 claustra,
1441 1846 1538 1880 nec
1578 1827 1794 1881 audis?

287 1896 374 1951 Sic
413 1902 569 1967 pater
606 1900 913 1954 infrendens
925 1944 938 1970 ‚
978 1902 1279 1970 miseraque
1320 1905 1602 1955 exaestuat
1639 1902 1735 1955 ira.

210 1972 311 2025 Ille
352 1974 452 2026 sub
493 1973 625 2027 haec
666 1973 805 2028 ‘non
844 1974 1019 2028 fallis'
1061 1976 1161 2043 ait,
1202 1974 1327 2028 ‘nec
1366 1979 1421 2028 te
1460 1976 1648 2029 inclita
1687 1976 1806 2028 nati

210 2045 348 2099 Fata
386 2050 627 2101 movent:
667 2067 858 2102 canere
898 2050 995 2102 illa
1034 2053 1244 2119 patrem
1286 2053 1340 2102 et
1378 2049 1580 2102 iactare
1621 2049 1855 2102 decebat.

214 2118 318 2173 Sed
359 2139 480 2190 spes
522 2122 622 2174 sub
665 2123 926 2190 lacrimis,
967 2142 1088 2192 spes
1129 2125 1288 2191 atque
1329 2122 1541 2175 occulta
1580 2122 1774 2191 cupido
1814 2135 1905 2176 300

211 2193 314 2245 His
356 2195 514 2246 latet:
557 2195 748 2248 insano
788 2197 1097 2264 praetendis
1136 2196 1328 2248 funera
1365 2199 1515 2260 vot0‚

211 2266 404 2335 Meque
444 2269 641 2335 premis
682 2269 887 2321 frustra
925 2288 1124 2322 vacuae
1163 2287 1259 2322 ceu
1297 2269 1577 2338 proximus
1615 2269 1782 2324 aulae.

213 2338 340 2393 Non
379 2341 457 2393 ita
497 2338 774 2394 Sidoniam
813 2342 1034 2396 fortuna
1071 2344 1349 2412 reliquerit
1387 2343 1598 2411 urbem,

339 2497 423 2538 283
444 2507 543 2549 sqq.
579 2494 658 2537 ‘at
687 2494 739 2536 tu
758 2519 813 2526 -
831 2493 1034 2539 libatus’
1073 2494 1347 2539 Priscian.
1373 2495 1479 2539 XIV
1506 2501 1559 2540 17
1591 2510 1636 2552 p.
1663 2500 1733 2550 34,
1768 2501 1820 2540 17
1844 2494 1904 2539 Η.

334 2639 420 2679 276
452 2633 550 2677 Iam
583 2633 717 2678 deest
747 2634 857 2679 Beh.
898 2634 1113 2681 Weberus
1142 2635 1267 2679 Defit
1298 2651 1320 2678 c
1348 2639 1355 2691 1
1383 2635 1607 2679 saevitiae
1639 2635 1867 2679 Barthius
1887 2633 1906 2694 l}

215 2697 301 2738 278
336 2693 476 2737 anxia
499 2697 531 2736 P
564 2692 708 2736 ardua
733 2694 866 2737 ceteri
897 2693 1031 2738 arida
1055 2696 1170 2740 coni.
1198 2695 1449 2739 Muellerus
1473 2696 1569 2739 coll.
1595 2709 1634 2738 v.
1661 2697 1754 2738 608
1775 2693 1792 2751 Η
1815 2698 1898 2738 281

215 2765 384 2797 sonare
414 2757 447 2795 P
485 2754 501 2809 n
540 2757 625 2797 283
657 2752 771 2795 Fors
803 2755 959 2806 PBSg
989 2754 1117 2798 Leid.
1151 2755 1167 2810 ΙΙ
1197 2758 1284 2798 285
1322 2753 1414 2797 Hei
1443 2758 1510 2807 Pp
1539 2756 1546 2806 Ι
1573 2766 1757 2796 ararum
1787 2755 1899 2805 ΡΒ»

218 2811 363 2856 Prisc.
398 2824 633 2856 armorum
662 2815 707 2853 M
738 2823 963 2854 annorum
988 2812 1042 2855 θ’
1066 2815 1081 2868 ΙΙ
1106 2818 1190 2857 293
1223 2812 1510 2868 Respectans
1533 2817 1566 2854 P
1589 2812 1603 2867 ΙΙ
1627 2814 1713 2854 295
1744 2810 1797 2853 111
1827 2823 1905 2854 1116

216 2872 289 2927 Pl}
314 2875 398 2915 296
432 2870 574 2915 audes
606 2869 783 2924 Be²pr
814 2870 939 2914 Dan.
965 2872 980 2926 ΙΙ
1005 2876 1090 2915 299
1124 2871 1308 2915 solebat
1337 2876 1370 2913 P
