2008 3198
701 174 1043 221 THEBAIDOS
1075 176 1184 222 LIB.
1218 177 1294 223 IV.
1775 178 1843 231 91

161 295 424 352 Conditur
463 300 518 350 et
554 297 704 350 fulvo
743 298 980 351 moriens
1018 299 1280 369 nigrescit
1318 299 1375 352 in
1414 317 1570 367 aur03

156 369 374 426 Circum
414 371 587 424 amnis
627 374 849 440 torpens
891 375 945 424 et
982 371 1126 426 ferro
1165 373 1379 426 caerula
1417 371 1606 427 Lerna.

157 443 236 499 At
274 444 508 498 laterum
546 448 752 498 tractus
792 445 1136 516 spatiosaque
1174 449 1394 516 pectora
1434 449 1616 508 servat

157 516 368 572 Nexilis
408 519 689 572 innumero
724 519 1015 584 chalybum
1055 521 1356 573 subtemine
1394 520 1614 590 thorax,

154 590 525 661 Horrendum,
563 611 674 646 non
711 593 899 645 matris
941 611 1097 664 opus3
1138 594 1432 663 galeaeque
1472 612 1693 648 corusca
1760 608 1844 650 175

156 665 438 720 Prominet
477 670 592 719 arte
632 666 851 736 gigans3
893 669 1055 735 atque
1094 667 1190 720 uni
1228 667 1454 720 missilis
1494 668 1578 720 illi

155 737 392 808 Cuspide
429 740 668 809 praefixa
708 743 818 793 stat
855 740 1138 794 frondibus
1179 740 1312 794 orba
1351 758 1650 810 cupressus,

152 812 296 867 Huic
334 831 523 882 parere
563 813 703 883 dati,
744 832 878 883 quos
918 813 1115 867 fertilis
1155 813 1524 884 Amphigenia

151 885 426 955 Planaque
464 886 707 941 Messene
747 891 1102 958 montosaque
1140 888 1313 942 nutrit
1349 888 1584 958 Ithome,

153 958 299 1022 Quos
332 960 556 1030 Thryon
596 965 650 1014 et
681 963 906 1015 summis
939 962 1212 1032 ingestum
1243 963 1521 1015 montibus
1553 962 1725 1034 Aepy,
1759 976 1843 1017 180

152 1033 298 1097 Quos
338 1034 509 1088 Helos
550 1038 606 1088 et
645 1035 892 1105 Pteleon,
932 1034 1119 1089 Getico
1162 1054 1298 1105 quos
1338 1036 1517 1089 flebile
1556 1037 1672 1090 vati

149 1106 381 1177 Dorion3
421 1109 510 1162 hic
550 1109 719 1163 fretus
761 1110 947 1163 doctas
988 1110 1192 1163 anteire
1234 1110 1471 1164 canendo

148 1180 391 1235 Aonidas
430 1185 611 1236 mutos
652 1183 939 1253 Thamyris
979 1184 1264 1237 damnatus
1305 1184 1363 1236 in
1401 1202 1572 1238 annos

151 1253 257 1308 Ore
298 1255 458 1308 simul
499 1256 814 1327 citharaque
855 1257 998 1328 (quis
1040 1257 1202 1310 obvia
1240 1257 1464 1310 numina
1501 1257 1772 1331 temnatP)

151 1326 429 1382 Conticuit
466 1348 747 1399 praeceps,
787 1332 878 1400 qui
916 1349 1025 1385 non
1065 1332 1363 1384 certamina
1401 1331 1608 1385 Phoebi
1754 1346 1838 1387 185

150 1400 351 1455 Nosset
390 1405 445 1455 et
481 1403 738 1457 inlustres
781 1403 977 1473 Satyro
1016 1404 1283 1474 pendente
1324 1403 1599 1459 Celaenas.

223 1474 447 1545 Iamque
486 1479 542 1529 et
577 1476 785 1530 fatidici
824 1495 976 1530 mens
1018 1480 1328 1547 expugnata
1364 1478 1572 1532 fatiscit

147 1547 409 1619 Auguris3
448 1549 542 1602 ille
583 1551 797 1620 quidem
836 1569 990 1604 casus
1031 1554 1084 1603 et
1122 1551 1240 1603 dira
1262 1551 1498 1604 videbat

150 1621 343 1692 Signa,
384 1624 476 1676 sed
515 1624 635 1692 ipsa
673 1642 838 1677 manu
879 1625 1153 1678 cunctanti
1193 1625 1453 1677 iniecerat
1492 1643 1643 1679 arma

146 1695 389 1765 Atropos
429 1697 790 1767 obrueratque
829 1698 1008 1767 deum,
1046 1716 1145 1751 nec
1185 1698 1428 1768 coniugis
1469 1700 1667 1752 absunt
1754 1714 1838 1755 190

148 1768 406 1838 Insidiae,
443 1770 719 1840 vetitoque
759 1772 947 1825 domus
986 1773 1096 1824 iam
1133 1772 1380 1842 fulgurat
1419 1790 1564 1826 auro,

147 1841 267 1895 Hoc
308 1861 496 1895 aurum
534 1845 649 1897 vati
686 1845 802 1898 fata
840 1845 1058 1897 exitiale
1098 1845 1392 1898 monebant

149 1913 429 1986 Argolico;
470 1917 572 1969 scit
610 1921 665 1970 et
703 1918 825 1986 ipsa
863 1918 1038 1986 nefaS,
1078 1918 1171 1970 sed
1208 1918 1414 1986 perfida
1453 1919 1686 1973 coniunx

268 2064 365 2104 180.
403 2060 537 2115 ‘quos
570 2086 626 2093 —
658 2060 810 2117 Aepy’
852 2061 1127 2107 Priscian.
1160 2061 1224 2105 VI
1260 2066 1297 2116 1,
1331 2067 1357 2106 2
1389 2077 1434 2119 p.
1472 2067 1555 2107 195
1587 2062 1644 2108 H.
1681 2064 1750 2108 ‘et
1780 2090 1835 2097 —

155 2116 308 2175 Aepy’
350 2119 468 2163 idem
508 2118 593 2162 VII
634 2125 680 2174 1,
724 2126 746 2163 1
780 2134 824 2176 p.
869 2125 954 2165 283
986 2119 1041 2163 H.
1077 2146 1132 2153 --
1169 2124 1252 2165 185
1279 2134 1346 2176 sq.
1383 2120 1505 2178 ‘quis
1536 2135 1633 2166 non
1664 2148 1720 2156 —
1754 2123 1835 2167 Ce-

149 2175 330 2222 laenas’
375 2176 545 2221 schol.
587 2177 784 2224 Lucan.
819 2179 884 2223 III
916 2184 1001 2224 206
1034 2194 1079 2236 p.
1113 2183 1200 2224 204
1231 2178 1305 2224 W.
1340 2207 1393 2212 —
1431 2184 1527 2225 186.
1565 2181 1632 2226 ‘et
1664 2208 1719 2214 -
1753 2181 1835 2226 Ce-

149 2234 330 2280 laenas’
366 2235 538 2281 schol.
571 2235 714 2281 Theb.
749 2237 792 2280 H
824 2242 908 2283 667
940 2253 985 2295 p.
1021 2243 1074 2283 77
1108 2237 1155 2282 L.

267 2358 350 2398 171
390 2352 619 2411 nigrescit
655 2359 737 2397 PG
773 2369 829 2399 m.
864 2369 939 2412 pr.
980 2354 1184 2412 ignescit
1220 2355 1358 2399 3628
1397 2357 1530 2403 schol.
1563 2357 1784 2413 pollescit
1816 2361 1835 2402 t

146 2410 348 2467 ignescit
370 2428 394 2454 r
416 2411 637 2468 pallescit
659 2419 726 2467 pT
749 2414 958 2472 Anylic.;
989 2416 1046 2469 cf.
1073 2414 1109 2457 I
1127 2418 1216 2459 547
1238 2415 1253 2471 ΙΙ
1280 2419 1364 2459 175
1388 2415 1661 2460 Horrendus
1684 2417 1833 2462 Baeh-

144 2472 324 2515 rensius
358 2472 366 2526 ι
399 2470 657 2527 galeaeque
704 2485 897 2516 corusca
935 2474 1062 2519 codd.
1103 2472 1359 2529 galeaeque
1398 2487 1590 2519 corusco
1629 2474 1685 2519 P.
1727 2489 1833 2520 aere

148 2528 410 2574 Gronovius
446 2529 676 2586 galeaque
717 2545 911 2576 corusca
948 2530 997 2575 P.
1040 2533 1139 2576 arte
1177 2532 1415 2578 Bentleius
1456 2533 1715 2590 galeaeque
1755 2547 1832 2578 co—

144 2601 309 2632 ruscae
347 2586 396 2631 P.
438 2589 539 2631 arte
573 2590 826 2635 Muellerus
855 2593 872 2647 ΙΙ
905 2595 988 2635 176
1030 2591 1131 2634 arte
1171 2591 1209 2635 δ
1246 2591 1484 2637 Bentleius
1523 2594 1623 2637 arte
1657 2593 1696 2650 (t
1724 2594 1777 2636 in
1809 2606 1832 2636 c

144 2649 279 2703 corr.)
310 2650 344 2689 B
377 2659 483 2691 arce
513 2651 599 2690 PE
625 2650 632 2703 Ι
660 2647 828 2706 gigans
859 2653 892 2691 1’
923 2648 1060 2707 gigas
1094 2650 1227 2694 ceteri
1248 2651 1264 2706 [Ι
1291 2655 1373 2695 178
1400 2665 1500 2706 sqq.
1525 2652 1585 2707 cf.
1610 2652 1746 2696 Hom.
1770 2650 1832 2695 Il.

144 2706 217 2750 II
245 2708 336 2751 593
358 2718 449 2762 sqq.
474 2707 490 2762 11
517 2709 600 2749 179
639 2709 944 2763 montosaque
979 2713 1011 2750 P
1051 2709 1366 2765 montanaque
1397 2711 1530 2754 ceteri
1557 2714 1562 2765 ί
1589 2710 1768 2766 ithyme
1800 2714 1832 2751 P

143 2763 307 2824 ithone
340 2768 511 2807 ebroe
534 2766 550 2820 ΙΙ
579 2768 660 2808 180
693 2766 803 2824 ephi
833 2771 985 2809 PG‘l'b
1019 2779 1158 2823 epym
1182 2771 1208 2808 Β
1231 2769 1247 2824 ΙΙ
1274 2772 1355 2812 181
1380 2767 1524 2812 Helos
1548 2770 1579 2811 i.
1604 2782 1638 2812 e.
1663 2767 1832 2812 Eleum

143 2824 202 2878 cf.
235 2837 275 2868 v.
308 2825 406 2869 224
434 2825 440 2880 1
469 2821 594 2878 quod
624 2821 779 2868 flebile
810 2829 842 2867 P
865 2827 881 2882 ΙΙ
908 2830 990 2870 183
1022 2824 1195 2870 multos
1227 2828 1352 2871 codd.
1386 2828 1539 2870 mutos
1572 2840 1686 2870 corr.
1715 2825 1830 2872 Gro-

144 2883 309 2927 novius
330 2883 347 2938 ΙΙ
372 2887 456 2927 193
488 2881 592 2937 ipsa
621 2882 731 2927 Beh.
766 2884 1134 2929 Sandstroemius
1165 2883 1266 2940 ipse
1298 2887 1431 2931 ceteri
