<?xml version="1.0" encoding="UTF-8"?>
<!DOCTYPE html PUBLIC "-//W3C//DTD XHTML 1.0 Transitional//EN"
    "http://www.w3.org/TR/xhtml1/DTD/xhtml1-transitional.dtd">
<html xmlns="http://www.w3.org/1999/xhtml" xml:lang="en" lang="en">
 <head>
  <title>
</title>
<meta http-equiv="Content-Type" content="text/html;charset=utf-8" />
  <meta name='ocr-system' content='tesseract 3.04.00' />
  <meta name='ocr-capabilities' content='ocr_page ocr_carea ocr_par ocr_line ocrx_word'/>
</head>
<body>
  <div class='ocr_page' id='page_1' title='image "./operapapinius212statuoft_0351.png"; bbox 0 0 2028 3190; ppageno 0'>
   <div class='ocr_carea' id='block_1_1' title="bbox 655 161 1810 218">
    <p class='ocr_par' dir='ltr' id='par_1_1' title="bbox 655 161 1810 218">
     <span class='ocr_line' id='line_1_1' title="bbox 655 161 1810 218; baseline 0.011 -12"><span class='ocrx_word' id='word_1_1' title='bbox 655 161 998 207; x_wconf 81' lang='lat' dir='ltr'>THEBAinos</span> <span class='ocrx_word' id='word_1_2' title='bbox 1030 162 1141 207; x_wconf 73' lang='grc' dir='ltr'>ΜΒ.</span> <span class='ocrx_word' id='word_1_3' title='bbox 1174 162 1252 207; x_wconf 84' lang='lat' dir='ltr'>IX.</span> <span class='ocrx_word' id='word_1_4' title='bbox 1701 164 1810 218; x_wconf 79' lang='lat'>263</span> 
     </span>
    </p>
   </div>
   <div class='ocr_carea' id='block_1_2' title="bbox 123 283 1823 2565">
    <p class='ocr_par' dir='ltr' id='par_1_2' title="bbox 123 283 1823 2565">
     <span class='ocr_line' id='line_1_2' title="bbox 123 283 1623 355; baseline -0.003 -14"><span class='ocrx_word' id='word_1_5' title='bbox 123 286 356 355; x_wconf 87' lang='lat' dir='ltr'>Missile,</span> <span class='ocrx_word' id='word_1_6' title='bbox 395 304 493 339; x_wconf 91' lang='lat' dir='ltr'>nec</span> <span class='ocrx_word' id='word_1_7' title='bbox 531 284 744 354; x_wconf 84' lang='lat' dir='ltr'>requies</span> <span class='ocrx_word' id='word_1_8' title='bbox 784 284 1027 351; x_wconf 86' lang='lat' dir='ltr'>dextrae,</span> <span class='ocrx_word' id='word_1_9' title='bbox 1069 283 1413 352; x_wconf 88' lang='lat' dir='ltr'>sonitumque</span> <span class='ocrx_word' id='word_1_10' title='bbox 1452 285 1623 353; x_wconf 87' lang='lat' dir='ltr'>priori</span> 
     </span>
     <span class='ocr_line' id='line_1_3' title="bbox 128 357 1813 431; baseline -0.001 -17"><span class='ocrx_word' id='word_1_11' title='bbox 128 359 313 431; x_wconf 77' lang='lat' dir='ltr'>lungit</span> <span class='ocrx_word' id='word_1_12' title='bbox 358 358 601 412; x_wconf 88' lang='lat' dir='ltr'>harundo</span> <span class='ocrx_word' id='word_1_13' title='bbox 650 376 896 427; x_wconf 84' lang='lat' dir='ltr'>sequenS.</span> <span class='ocrx_word' id='word_1_14' title='bbox 964 357 1148 411; x_wconf 90' lang='lat' dir='ltr'>Unum</span> <span class='ocrx_word' id='word_1_15' title='bbox 1187 358 1307 427; x_wconf 90' lang='lat' dir='ltr'>quis</span> <span class='ocrx_word' id='word_1_16' title='bbox 1349 359 1590 423; x_wconf 88' lang='lat' dir='ltr'>crederet</span> <span class='ocrx_word' id='word_1_17' title='bbox 1629 377 1813 413; x_wconf 90' lang='lat' dir='ltr'>arcum</span> 
     </span>
     <span class='ocr_line' id='line_1_4' title="bbox 128 431 1625 503; baseline 0 -17"><span class='ocrx_word' id='word_1_18' title='bbox 128 433 236 488; x_wconf 83' lang='lat' dir='ltr'>Aut</span> <span class='ocrx_word' id='word_1_19' title='bbox 274 452 438 487; x_wconf 92' lang='lat' dir='ltr'>unam</span> <span class='ocrx_word' id='word_1_20' title='bbox 479 433 684 486; x_wconf 84' lang='lat' dir='ltr'>saevire</span> <span class='ocrx_word' id='word_1_21' title='bbox 724 432 985 484; x_wconf 74' lang='lat' dir='ltr'>manum?</span> <span class='ocrx_word' id='word_1_22' title='bbox 1026 431 1186 485; x_wconf 94' lang='lat' dir='ltr'>modo</span> <span class='ocrx_word' id='word_1_23' title='bbox 1227 432 1427 501; x_wconf 91' lang='lat' dir='ltr'>derigit</span> <span class='ocrx_word' id='word_1_24' title='bbox 1464 433 1625 503; x_wconf 77' lang='lat' dir='ltr'>ictuS,</span> 
     </span>
     <span class='ocr_line' id='line_1_5' title="bbox 129 506 1530 575; baseline -0.001 -15"><span class='ocrx_word' id='word_1_25' title='bbox 129 506 284 562; x_wconf 79' lang='lat' dir='ltr'>Nunc</span> <span class='ocrx_word' id='word_1_26' title='bbox 321 509 490 560; x_wconf 90' lang='lat' dir='ltr'>latere</span> <span class='ocrx_word' id='word_1_27' title='bbox 529 507 736 559; x_wconf 91' lang='lat' dir='ltr'>alterno</span> <span class='ocrx_word' id='word_1_28' title='bbox 775 506 970 558; x_wconf 89' lang='lat' dir='ltr'>dubius</span> <span class='ocrx_word' id='word_1_29' title='bbox 1011 506 1294 558; x_wconf 90' lang='lat' dir='ltr'>conamina</span> <span class='ocrx_word' id='word_1_30' title='bbox 1333 510 1530 575; x_wconf 90' lang='lat' dir='ltr'>mutat,</span> 
     </span>
     <span class='ocr_line' id='line_1_6' title="bbox 129 580 1816 652; baseline 0 -17"><span class='ocrx_word' id='word_1_31' title='bbox 129 580 282 635; x_wconf 88' lang='lat' dir='ltr'>Nunc</span> <span class='ocrx_word' id='word_1_32' title='bbox 319 582 465 652; x_wconf 87' lang='lat' dir='ltr'>fugit</span> <span class='ocrx_word' id='word_1_33' title='bbox 501 581 768 633; x_wconf 74' lang='lat' dir='ltr'><strong>instantes</strong></span> <span class='ocrx_word' id='word_1_34' title='bbox 809 582 864 631; x_wconf 92' lang='lat' dir='ltr'>et</span> <span class='ocrx_word' id='word_1_35' title='bbox 903 580 1018 632; x_wconf 89' lang='lat' dir='ltr'>solo</span> <span class='ocrx_word' id='word_1_36' title='bbox 1059 580 1283 649; x_wconf 89' lang='lat' dir='ltr'>respicit</span> <span class='ocrx_word' id='word_1_37' title='bbox 1321 599 1462 633; x_wconf 90' lang='lat' dir='ltr'>arcu.</span> <span class='ocrx_word' id='word_1_38' title='bbox 1730 593 1816 635; x_wconf 79' lang='lat'>775</span> 
     </span>
     <span class='ocr_line' id='line_1_7' title="bbox 206 652 1476 722; baseline 0 -15"><span class='ocrx_word' id='word_1_39' title='bbox 206 655 277 707; x_wconf 62' lang='lat' dir='ltr'>Ei</span> <span class='ocrx_word' id='word_1_40' title='bbox 313 657 424 708; x_wconf 91' lang='lat' dir='ltr'>iam</span> <span class='ocrx_word' id='word_1_41' title='bbox 464 654 724 707; x_wconf 92' lang='lat' dir='ltr'>mirantes</span> <span class='ocrx_word' id='word_1_42' title='bbox 763 652 1216 722; x_wconf 75' lang='lat' dir='ltr'>indignantesque</span> <span class='ocrx_word' id='word_1_43' title='bbox 1257 654 1476 707; x_wconf 76' lang='lat' dir='ltr'>coibant</span> 
     </span>
     <span class='ocr_line' id='line_1_8' title="bbox 130 726 1618 796; baseline 0 -15"><span class='ocrx_word' id='word_1_44' title='bbox 130 728 488 796; x_wconf 81' lang='lat' dir='ltr'>Labdacidae,</span> <span class='ocrx_word' id='word_1_45' title='bbox 527 728 840 796; x_wconf 89' lang='lat' dir='ltr'>primusque</span> <span class='ocrx_word' id='word_1_46' title='bbox 879 726 1027 780; x_wconf 86' lang='lat' dir='ltr'>Iovis</span> <span class='ocrx_word' id='word_1_47' title='bbox 1068 728 1132 780; x_wconf 91' lang='lat' dir='ltr'>de</span> <span class='ocrx_word' id='word_1_48' title='bbox 1172 729 1435 795; x_wconf 89' lang='lat' dir='ltr'>sanguine</span> <span class='ocrx_word' id='word_1_49' title='bbox 1476 729 1618 781; x_wconf 90' lang='lat' dir='ltr'>claro</span> 
     </span>
     <span class='ocr_line' id='line_1_9' title="bbox 132 801 1555 871; baseline 0 -17"><span class='ocrx_word' id='word_1_50' title='bbox 132 801 403 871; x_wconf 86' lang='lat' dir='ltr'>Amphion</span> <span class='ocrx_word' id='word_1_51' title='bbox 441 802 664 871; x_wconf 90' lang='lat' dir='ltr'>ignarus</span> <span class='ocrx_word' id='word_1_52' title='bbox 705 801 901 869; x_wconf 89' lang='lat' dir='ltr'>adhuc,</span> <span class='ocrx_word' id='word_1_53' title='bbox 942 818 1078 870; x_wconf 91' lang='lat' dir='ltr'>quae</span> <span class='ocrx_word' id='word_1_54' title='bbox 1118 801 1310 854; x_wconf 86' lang='lat' dir='ltr'>funera</span> <span class='ocrx_word' id='word_1_55' title='bbox 1350 802 1555 871; x_wconf 88' lang='lat' dir='ltr'>campis</span> 
     </span>
     <span class='ocr_line' id='line_1_10' title="bbox 129 874 1689 944; baseline -0.001 -15"><span class='ocrx_word' id='word_1_56' title='bbox 129 875 231 929; x_wconf 91' lang='lat' dir='ltr'>Ille</span> <span class='ocrx_word' id='word_1_57' title='bbox 269 875 436 929; x_wconf 87' lang='lat' dir='ltr'>daret:</span> <span class='ocrx_word' id='word_1_58' title='bbox 478 875 753 938; x_wconf 71' lang='lat' dir='ltr'>‘Quonam</span> <span class='ocrx_word' id='word_1_59' title='bbox 791 893 960 944; x_wconf 89' lang='lat' dir='ltr'>usque</span> <span class='ocrx_word' id='word_1_60' title='bbox 1001 893 1209 929; x_wconf 92' lang='lat' dir='ltr'>moram</span> <span class='ocrx_word' id='word_1_61' title='bbox 1249 874 1527 928; x_wconf 89' lang='lat' dir='ltr'>lucrabere</span> <span class='ocrx_word' id='word_1_62' title='bbox 1565 875 1689 944; x_wconf 87' lang='lat' dir='ltr'>fati,</span> 
     </span>
     <span class='ocr_line' id='line_1_11' title="bbox 131 948 1819 1018; baseline 0.001 -16"><span class='ocrx_word' id='word_1_63' title='bbox 131 948 176 1002; x_wconf 92' lang='grc' dir='ltr'>Ο</span> <span class='ocrx_word' id='word_1_64' title='bbox 217 950 443 1002; x_wconf 90' lang='lat' dir='ltr'>multum</span> <span class='ocrx_word' id='word_1_65' title='bbox 482 950 706 1003; x_wconf 88' lang='lat' dir='ltr'>meritos</span> <span class='ocrx_word' id='word_1_66' title='bbox 743 966 877 1018; x_wconf 89' lang='lat' dir='ltr'>puer</span> <span class='ocrx_word' id='word_1_67' title='bbox 916 950 1170 1002; x_wconf 81' lang='lat' dir='ltr'>orbature</span> <span class='ocrx_word' id='word_1_68' title='bbox 1209 950 1498 1017; x_wconf 76' lang='lat' dir='ltr'>parentes?</span> <span class='ocrx_word' id='word_1_69' title='bbox 1733 962 1819 1003; x_wconf 79' lang='lat'>780</span> 
     </span>
     <span class='ocr_line' id='line_1_12' title="bbox 131 1022 1616 1093; baseline 0.001 -18"><span class='ocrx_word' id='word_1_70' title='bbox 131 1022 273 1085; x_wconf 81' lang='lat' dir='ltr'>Quin</span> <span class='ocrx_word' id='word_1_71' title='bbox 312 1022 474 1076; x_wconf 88' lang='lat' dir='ltr'>etiam</span> <span class='ocrx_word' id='word_1_72' title='bbox 513 1023 683 1076; x_wconf 90' lang='lat' dir='ltr'>menti</span> <span class='ocrx_word' id='word_1_73' title='bbox 720 1026 903 1075; x_wconf 86' lang='lat' dir='ltr'>tumor</span> <span class='ocrx_word' id='word_1_74' title='bbox 942 1026 1104 1093; x_wconf 88' lang='lat' dir='ltr'>atque</span> <span class='ocrx_word' id='word_1_75' title='bbox 1144 1022 1372 1076; x_wconf 90' lang='lat' dir='ltr'>audacia</span> <span class='ocrx_word' id='word_1_76' title='bbox 1411 1024 1616 1093; x_wconf 88' lang='lat' dir='ltr'>gliscit,</span> 
     </span>
     <span class='ocr_line' id='line_1_13' title="bbox 130 1094 1686 1167; baseline 0.001 -18"><span class='ocrx_word' id='word_1_77' title='bbox 130 1094 465 1167; x_wconf 86' lang='lat' dir='ltr'>Congressus</span> <span class='ocrx_word' id='word_1_78' title='bbox 505 1098 631 1150; x_wconf 91' lang='lat' dir='ltr'>dum</span> <span class='ocrx_word' id='word_1_79' title='bbox 670 1115 829 1150; x_wconf 92' lang='lat' dir='ltr'>nemo</span> <span class='ocrx_word' id='word_1_80' title='bbox 868 1100 994 1150; x_wconf 87' lang='lat' dir='ltr'>tuos</span> <span class='ocrx_word' id='word_1_81' title='bbox 1033 1114 1382 1167; x_wconf 85' lang='lat' dir='ltr'>pugnamque</span> <span class='ocrx_word' id='word_1_82' title='bbox 1421 1098 1686 1151; x_wconf 88' lang='lat' dir='ltr'>minorem</span> 
     </span>
     <span class='ocr_line' id='line_1_14' title="bbox 130 1168 1379 1240; baseline 0.001 -18"><span class='ocrx_word' id='word_1_83' title='bbox 130 1168 404 1240; x_wconf 76' lang='lat' dir='ltr'>Dignatur</span> <span class='ocrx_word' id='word_1_84' title='bbox 440 1172 599 1224; x_wconf 89' lang='lat' dir='ltr'>bellis</span> <span class='ocrx_word' id='word_1_85' title='bbox 638 1171 825 1239; x_wconf 90' lang='lat' dir='ltr'>iraque</span> <span class='ocrx_word' id='word_1_86' title='bbox 864 1172 1182 1240; x_wconf 89' lang='lat' dir='ltr'>relinqueris</span> <span class='ocrx_word' id='word_1_87' title='bbox 1222 1169 1379 1223; x_wconf 88' lang='lat' dir='ltr'>infra.</span> 
     </span>
     <span class='ocr_line' id='line_1_15' title="bbox 129 1243 1610 1315; baseline 0.001 -19"><span class='ocrx_word' id='word_1_88' title='bbox 129 1243 178 1310; x_wconf 90' lang='lat' dir='ltr'>I,</span> <span class='ocrx_word' id='word_1_89' title='bbox 215 1249 400 1313; x_wconf 89' lang='lat' dir='ltr'>repete</span> <span class='ocrx_word' id='word_1_90' title='bbox 439 1245 729 1298; x_wconf 86' lang='lat' dir='ltr'>Arcadiam</span> <span class='ocrx_word' id='word_1_91' title='bbox 766 1244 1075 1314; x_wconf 89' lang='lat' dir='ltr'>mixtusque</span> <span class='ocrx_word' id='word_1_92' title='bbox 1116 1244 1436 1315; x_wconf 86' lang='lat' dir='ltr'>aequalibus</span> <span class='ocrx_word' id='word_1_93' title='bbox 1474 1245 1610 1314; x_wconf 89' lang='lat' dir='ltr'>illic,</span> 
     </span>
     <span class='ocr_line' id='line_1_16' title="bbox 129 1316 1819 1386; baseline 0.002 -17"><span class='ocrx_word' id='word_1_94' title='bbox 129 1316 275 1370; x_wconf 90' lang='lat' dir='ltr'>Dum</span> <span class='ocrx_word' id='word_1_95' title='bbox 311 1317 459 1371; x_wconf 84' lang='lat' dir='ltr'>ferus</span> <span class='ocrx_word' id='word_1_96' title='bbox 495 1319 584 1371; x_wconf 91' lang='lat' dir='ltr'>hic</span> <span class='ocrx_word' id='word_1_97' title='bbox 621 1336 746 1371; x_wconf 85' lang='lat' dir='ltr'>vero</span> <span class='ocrx_word' id='word_1_98' title='bbox 789 1317 1030 1370; x_wconf 89' lang='lat' dir='ltr'>desaevit</span> <span class='ocrx_word' id='word_1_99' title='bbox 1067 1319 1287 1386; x_wconf 85' lang='lat' dir='ltr'>pulvere</span> <span class='ocrx_word' id='word_1_100' title='bbox 1328 1318 1570 1386; x_wconf 78' lang='lat' dir='ltr'>MavorS,</span> <span class='ocrx_word' id='word_1_101' title='bbox 1734 1332 1819 1372; x_wconf 79' lang='lat'>785</span> 
     </span>
     <span class='ocr_line' id='line_1_17' title="bbox 130 1390 1560 1460; baseline 0.001 -18"><span class='ocrx_word' id='word_1_102' title='bbox 130 1390 343 1443; x_wconf 91' lang='lat' dir='ltr'>Proelia</span> <span class='ocrx_word' id='word_1_103' title='bbox 381 1392 505 1444; x_wconf 90' lang='lat' dir='ltr'>lude</span> <span class='ocrx_word' id='word_1_104' title='bbox 544 1391 712 1444; x_wconf 91' lang='lat' dir='ltr'>domi:</span> <span class='ocrx_word' id='word_1_105' title='bbox 754 1391 945 1460; x_wconf 91' lang='lat' dir='ltr'>quodsi</span> <span class='ocrx_word' id='word_1_106' title='bbox 983 1394 1037 1444; x_wconf 89' lang='lat' dir='ltr'>te</span> <span class='ocrx_word' id='word_1_107' title='bbox 1077 1393 1286 1445; x_wconf 82' lang='lat' dir='ltr'>maesta</span> <span class='ocrx_word' id='word_1_108' title='bbox 1327 1393 1560 1460; x_wconf 86' lang='lat' dir='ltr'>sepulcri</span> 
     </span>
     <span class='ocr_line' id='line_1_18' title="bbox 130 1463 1596 1533; baseline 0.001 -17"><span class='ocrx_word' id='word_1_109' title='bbox 130 1463 299 1517; x_wconf 87' lang='lat' dir='ltr'>Fama</span> <span class='ocrx_word' id='word_1_110' title='bbox 337 1469 539 1532; x_wconf 86' lang='lat' dir='ltr'>movet,</span> <span class='ocrx_word' id='word_1_111' title='bbox 577 1465 849 1533; x_wconf 65' lang='lat' dir='ltr'>dabimus½</span> <span class='ocrx_word' id='word_1_112' title='bbox 888 1465 996 1518; x_wconf 90' lang='lat' dir='ltr'>leto</span> <span class='ocrx_word' id='word_1_113' title='bbox 1037 1466 1266 1518; x_wconf 89' lang='lat' dir='ltr'>moriere</span> <span class='ocrx_word' id='word_1_114' title='bbox 1305 1465 1596 1518; x_wconf 85' lang='lat' dir='ltr'>virorum!&#39;</span> 
     </span>
     <span class='ocr_line' id='line_1_19' title="bbox 127 1536 1715 1609; baseline 0.001 -19"><span class='ocrx_word' id='word_1_115' title='bbox 127 1536 448 1590; x_wconf 88' lang='lat' dir='ltr'>Iamdudum</span> <span class='ocrx_word' id='word_1_116' title='bbox 488 1538 630 1591; x_wconf 90' lang='lat' dir='ltr'>hunc</span> <span class='ocrx_word' id='word_1_117' title='bbox 669 1542 858 1592; x_wconf 88' lang='lat' dir='ltr'>contra</span> <span class='ocrx_word' id='word_1_118' title='bbox 895 1539 1137 1592; x_wconf 86' lang='lat' dir='ltr'>stimulis</span> <span class='ocrx_word' id='word_1_119' title='bbox 1177 1539 1520 1609; x_wconf 86' lang='lat' dir='ltr'>gravioribus</span> <span class='ocrx_word' id='word_1_120' title='bbox 1562 1540 1715 1592; x_wconf 89' lang='lat' dir='ltr'>ardet</span> 
     </span>
     <span class='ocr_line' id='line_1_20' title="bbox 129 1610 1669 1683; baseline 0.001 -20"><span class='ocrx_word' id='word_1_121' title='bbox 129 1611 274 1664; x_wconf 85' lang='lat' dir='ltr'>Trux</span> <span class='ocrx_word' id='word_1_122' title='bbox 313 1611 694 1664; x_wconf 74' lang='lat' dir='ltr'>Atalantiades</span> <span class='ocrx_word' id='word_1_123' title='bbox 735 1610 986 1682; x_wconf 81' lang='lat' dir='ltr'>(necdum</span> <span class='ocrx_word' id='word_1_124' title='bbox 1024 1613 1117 1665; x_wconf 87' lang='lat' dir='ltr'>ille</span> <span class='ocrx_word' id='word_1_125' title='bbox 1158 1612 1392 1683; x_wconf 88' lang='lat' dir='ltr'>quierat)</span> <span class='ocrx_word' id='word_1_126' title='bbox 1435 1617 1489 1666; x_wconf 93' lang='lat' dir='ltr'>et</span> <span class='ocrx_word' id='word_1_127' title='bbox 1526 1614 1669 1666; x_wconf 89' lang='lat' dir='ltr'>infit:</span> 
     </span>
     <span class='ocr_line' id='line_1_21' title="bbox 129 1683 1821 1756; baseline 0.001 -18"><span class='ocrx_word' id='word_1_128' title='bbox 129 1683 290 1738; x_wconf 76' lang='lat' dir='ltr'>‘Sera</span> <span class='ocrx_word' id='word_1_129' title='bbox 321 1686 487 1738; x_wconf 91' lang='lat' dir='ltr'>etiam</span> <span class='ocrx_word' id='word_1_130' title='bbox 511 1686 569 1737; x_wconf 93' lang='lat' dir='ltr'>in</span> <span class='ocrx_word' id='word_1_131' title='bbox 593 1685 831 1756; x_wconf 83' lang='lat' dir='ltr'>Thebas,</span> <span class='ocrx_word' id='word_1_132' title='bbox 865 1704 1093 1754; x_wconf 90' lang='lat' dir='ltr'>quarum</span> <span class='ocrx_word' id='word_1_133' title='bbox 1117 1686 1207 1739; x_wconf 92' lang='lat' dir='ltr'>hic</span> <span class='ocrx_word' id='word_1_134' title='bbox 1232 1687 1496 1740; x_wconf 86' lang='lat' dir='ltr'>exercitus</span> <span class='ocrx_word' id='word_1_135' title='bbox 1505 1729 1520 1755; x_wconf 94' lang='lat'>,</span> <span class='ocrx_word' id='word_1_136' title='bbox 1553 1706 1703 1740; x_wconf 90' lang='lat' dir='ltr'>arma</span> <span class='ocrx_word' id='word_1_137' title='bbox 1736 1700 1821 1741; x_wconf 77' lang='lat'>790</span> 
     </span>
     <span class='ocr_line' id='line_1_22' title="bbox 129 1758 1621 1829; baseline 0.003 -19"><span class='ocrx_word' id='word_1_138' title='bbox 129 1758 376 1827; x_wconf 83' lang='lat' dir='ltr'>Profer03</span> <span class='ocrx_word' id='word_1_139' title='bbox 415 1760 661 1828; x_wconf 89' lang='lat' dir='ltr'>quisnam</span> <span class='ocrx_word' id='word_1_140' title='bbox 701 1760 833 1813; x_wconf 89' lang='lat' dir='ltr'>adeo</span> <span class='ocrx_word' id='word_1_141' title='bbox 872 1778 1028 1829; x_wconf 89' lang='lat' dir='ltr'>puer,</span> <span class='ocrx_word' id='word_1_142' title='bbox 1068 1764 1132 1814; x_wconf 90' lang='lat' dir='ltr'>ut</span> <span class='ocrx_word' id='word_1_143' title='bbox 1170 1760 1372 1814; x_wconf 89' lang='lat' dir='ltr'>bellare</span> <span class='ocrx_word' id='word_1_144' title='bbox 1412 1766 1621 1814; x_wconf 90' lang='lat' dir='ltr'>recuset</span> 
     </span>
     <span class='ocr_line' id='line_1_23' title="bbox 129 1831 1696 1904; baseline 0.003 -21"><span class='ocrx_word' id='word_1_145' title='bbox 129 1831 390 1885; x_wconf 80' lang='lat' dir='ltr'>Talibus?</span> <span class='ocrx_word' id='word_1_146' title='bbox 430 1833 692 1885; x_wconf 91' lang='lat' dir='ltr'>Arcadiae</span> <span class='ocrx_word' id='word_1_147' title='bbox 733 1835 961 1901; x_wconf 87' lang='lat' dir='ltr'>stirpem</span> <span class='ocrx_word' id='word_1_148' title='bbox 1001 1838 1056 1886; x_wconf 93' lang='lat' dir='ltr'>et</span> <span class='ocrx_word' id='word_1_149' title='bbox 1093 1834 1210 1887; x_wconf 88' lang='lat' dir='ltr'>fera</span> <span class='ocrx_word' id='word_1_150' title='bbox 1251 1834 1455 1887; x_wconf 88' lang='lat' dir='ltr'>semina</span> <span class='ocrx_word' id='word_1_151' title='bbox 1494 1835 1696 1904; x_wconf 78' lang='lat' dir='ltr'>gentiS,</span> 
     </span>
     <span class='ocr_line' id='line_1_24' title="bbox 131 1904 1605 1960; baseline 0.002 -3"><span class='ocrx_word' id='word_1_152' title='bbox 131 1904 259 1958; x_wconf 92' lang='lat' dir='ltr'>Non</span> <span class='ocrx_word' id='word_1_153' title='bbox 298 1905 556 1958; x_wconf 91' lang='lat' dir='ltr'>Thebana</span> <span class='ocrx_word' id='word_1_154' title='bbox 593 1906 766 1959; x_wconf 85' lang='lat' dir='ltr'>vides:</span> <span class='ocrx_word' id='word_1_155' title='bbox 804 1924 916 1958; x_wconf 89' lang='lat' dir='ltr'>non</span> <span class='ocrx_word' id='word_1_156' title='bbox 956 1925 1041 1959; x_wconf 93' lang='lat' dir='ltr'>me</span> <span class='ocrx_word' id='word_1_157' title='bbox 1082 1907 1180 1960; x_wconf 92' lang='lat' dir='ltr'>sub</span> <span class='ocrx_word' id='word_1_158' title='bbox 1219 1911 1379 1960; x_wconf 90' lang='lat' dir='ltr'>nocte</span> <span class='ocrx_word' id='word_1_159' title='bbox 1421 1908 1605 1960; x_wconf 86' lang='lat' dir='ltr'>silenti</span> 
     </span>
     <span class='ocr_line' id='line_1_25' title="bbox 130 1978 1453 2050; baseline 0.002 -19"><span class='ocrx_word' id='word_1_160' title='bbox 130 1978 337 2048; x_wconf 82' lang='lat' dir='ltr'>Thyias</span> <span class='ocrx_word' id='word_1_161' title='bbox 377 1979 642 2032; x_wconf 85' lang='lat' dir='ltr'>Echionio</span> <span class='ocrx_word' id='word_1_162' title='bbox 683 1979 929 2050; x_wconf 86' lang='lat' dir='ltr'>genetrix</span> <span class='ocrx_word' id='word_1_163' title='bbox 968 1981 1235 2034; x_wconf 88' lang='lat' dir='ltr'>famulata</span> <span class='ocrx_word' id='word_1_164' title='bbox 1272 1981 1453 2048; x_wconf 87' lang='lat' dir='ltr'>Lyaeo</span> 
     </span>
     <span class='ocr_line' id='line_1_26' title="bbox 130 2052 1821 2122; baseline 0.002 -18"><span class='ocrx_word' id='word_1_165' title='bbox 130 2052 340 2121; x_wconf 85' lang='lat' dir='ltr'>Edidit,</span> <span class='ocrx_word' id='word_1_166' title='bbox 377 2053 514 2106; x_wconf 89' lang='lat' dir='ltr'>haut</span> <span class='ocrx_word' id='word_1_167' title='bbox 551 2071 808 2122; x_wconf 89' lang='lat' dir='ltr'>umquam</span> <span class='ocrx_word' id='word_1_168' title='bbox 850 2053 1118 2107; x_wconf 88' lang='lat' dir='ltr'>deformes</span> <span class='ocrx_word' id='word_1_169' title='bbox 1159 2055 1358 2108; x_wconf 86' lang='lat' dir='ltr'>vertice</span> <span class='ocrx_word' id='word_1_170' title='bbox 1399 2054 1591 2106; x_wconf 89' lang='lat' dir='ltr'>mitras</span> <span class='ocrx_word' id='word_1_171' title='bbox 1736 2066 1821 2108; x_wconf 78' lang='lat'>796</span> 
     </span>
     <span class='ocr_line' id='line_1_27' title="bbox 129 2125 1542 2196; baseline 0.001 -18"><span class='ocrx_word' id='word_1_172' title='bbox 129 2125 408 2179; x_wconf 89' lang='lat' dir='ltr'>Induimus</span> <span class='ocrx_word' id='word_1_173' title='bbox 446 2131 738 2196; x_wconf 88' lang='lat' dir='ltr'>turpesque</span> <span class='ocrx_word' id='word_1_174' title='bbox 777 2145 940 2181; x_wconf 92' lang='lat' dir='ltr'>manu</span> <span class='ocrx_word' id='word_1_175' title='bbox 979 2127 1300 2182; x_wconf 88' lang='lat' dir='ltr'>iactavimus</span> <span class='ocrx_word' id='word_1_176' title='bbox 1340 2127 1542 2180; x_wconf 82' lang='lat' dir='ltr'>hastaS.</span> 
     </span>
     <span class='ocr_line' id='line_1_28' title="bbox 129 2198 1538 2270; baseline 0.001 -18"><span class='ocrx_word' id='word_1_177' title='bbox 129 2198 390 2253; x_wconf 88' lang='lat' dir='ltr'>Protinus</span> <span class='ocrx_word' id='word_1_178' title='bbox 429 2201 718 2254; x_wconf 88' lang='lat' dir='ltr'>adstrictos</span> <span class='ocrx_word' id='word_1_179' title='bbox 759 2201 922 2254; x_wconf 90' lang='lat' dir='ltr'>didici</span> <span class='ocrx_word' id='word_1_180' title='bbox 960 2205 1175 2270; x_wconf 90' lang='lat' dir='ltr'>reptare</span> <span class='ocrx_word' id='word_1_181' title='bbox 1215 2220 1312 2270; x_wconf 92' lang='lat' dir='ltr'>per</span> <span class='ocrx_word' id='word_1_182' title='bbox 1352 2220 1538 2254; x_wconf 89' lang='lat' dir='ltr'>amnes</span> 
     </span>
     <span class='ocr_line' id='line_1_29' title="bbox 130 2271 1656 2344; baseline 0.001 -19"><span class='ocrx_word' id='word_1_183' title='bbox 130 2271 546 2343; x_wconf 83' lang='lat' dir='ltr'>Horrendasque</span> <span class='ocrx_word' id='word_1_184' title='bbox 585 2275 774 2327; x_wconf 92' lang='lat' dir='ltr'>domus</span> <span class='ocrx_word' id='word_1_185' title='bbox 814 2292 1135 2344; x_wconf 89' lang='lat' dir='ltr'>magnarum</span> <span class='ocrx_word' id='word_1_186' title='bbox 1176 2276 1380 2328; x_wconf 88' lang='lat' dir='ltr'>intrare</span> <span class='ocrx_word' id='word_1_187' title='bbox 1419 2276 1656 2327; x_wconf 88' lang='lat' dir='ltr'>ferarum</span> 
     </span>
     <span class='ocr_line' id='line_1_30' title="bbox 130 2344 1820 2418; baseline 0.002 -21"><span class='ocrx_word' id='word_1_188' title='bbox 130 2344 207 2398; x_wconf 86' lang='lat' dir='ltr'>Et</span> <span class='ocrx_word' id='word_1_189' title='bbox 243 2375 305 2384; x_wconf 91' lang='lat'><strong>—</strong></span> <span class='ocrx_word' id='word_1_190' title='bbox 335 2347 463 2415; x_wconf 91' lang='lat' dir='ltr'>quid</span> <span class='ocrx_word' id='word_1_191' title='bbox 494 2348 653 2417; x_wconf 89' lang='lat' dir='ltr'>plura</span> <span class='ocrx_word' id='word_1_192' title='bbox 683 2349 912 2417; x_wconf 76' lang='lat' dir='ltr'>loquar?</span> <span class='ocrx_word' id='word_1_193' title='bbox 946 2350 1146 2402; x_wconf 87' lang='lat' dir='ltr'>ferrum</span> <span class='ocrx_word' id='word_1_194' title='bbox 1180 2368 1300 2403; x_wconf 90' lang='lat' dir='ltr'>mea</span> <span class='ocrx_word' id='word_1_195' title='bbox 1333 2367 1544 2418; x_wconf 90' lang='lat' dir='ltr'>semper</span> <span class='ocrx_word' id='word_1_196' title='bbox 1578 2353 1633 2401; x_wconf 89' lang='lat' dir='ltr'>et</span> <span class='ocrx_word' id='word_1_197' title='bbox 1664 2367 1820 2402; x_wconf 90' lang='lat' dir='ltr'>arcus</span> 
     </span>
     <span class='ocr_line' id='line_1_31' title="bbox 133 2418 1823 2493; baseline 0.002 -22"><span class='ocrx_word' id='word_1_198' title='bbox 133 2418 310 2472; x_wconf 89' lang='lat' dir='ltr'>Mater</span> <span class='ocrx_word' id='word_1_199' title='bbox 348 2420 534 2490; x_wconf 91' lang='lat' dir='ltr'>habet,</span> <span class='ocrx_word' id='word_1_200' title='bbox 574 2423 739 2474; x_wconf 90' lang='lat' dir='ltr'>vestri</span> <span class='ocrx_word' id='word_1_201' title='bbox 778 2422 980 2475; x_wconf 88' lang='lat' dir='ltr'>feriunt</span> <span class='ocrx_word' id='word_1_202' title='bbox 1019 2442 1149 2476; x_wconf 87' lang='lat' dir='ltr'>cava</span> <span class='ocrx_word' id='word_1_203' title='bbox 1187 2427 1448 2493; x_wconf 87' lang='lat' dir='ltr'>tympana</span> <span class='ocrx_word' id='word_1_204' title='bbox 1487 2422 1703 2491; x_wconf 66' lang='lat' dir='ltr'>patres?</span> <span class='ocrx_word' id='word_1_205' title='bbox 1735 2435 1823 2475; x_wconf 88' lang='lat'>800</span> 
     </span>
     <span class='ocr_line' id='line_1_32' title="bbox 132 2491 1736 2565; baseline 0.002 -22"><span class='ocrx_word' id='word_1_206' title='bbox 132 2491 258 2545; x_wconf 89' lang='lat' dir='ltr'>Non</span> <span class='ocrx_word' id='word_1_207' title='bbox 296 2493 428 2545; x_wconf 90' lang='lat' dir='ltr'>tulit</span> <span class='ocrx_word' id='word_1_208' title='bbox 465 2493 743 2563; x_wconf 89' lang='lat' dir='ltr'>Amphion</span> <span class='ocrx_word' id='word_1_209' title='bbox 783 2496 1098 2565; x_wconf 88' lang='lat' dir='ltr'>vultumque</span> <span class='ocrx_word' id='word_1_210' title='bbox 1140 2502 1193 2550; x_wconf 87' lang='lat' dir='ltr'>et</span> <span class='ocrx_word' id='word_1_211' title='bbox 1233 2498 1290 2550; x_wconf 92' lang='lat' dir='ltr'>in</span> <span class='ocrx_word' id='word_1_212' title='bbox 1330 2515 1426 2550; x_wconf 89' lang='lat' dir='ltr'>ora</span> <span class='ocrx_word' id='word_1_213' title='bbox 1464 2496 1736 2565; x_wconf 88' lang='lat' dir='ltr'>loquentis</span> 
     </span>
    </p>
   </div>
   <div class='ocr_carea' id='block_1_3' title="bbox 133 2590 488 2596">
    <p class='ocr_par' dir='ltr' id='par_1_3' title="bbox 133 2590 488 2596">
     <span class='ocr_line' id='line_1_33' title="bbox 133 2590 488 2596; baseline 0 0"><span class='ocrx_word' id='word_1_214' title='bbox 133 2590 488 2596; x_wconf 95' lang='lat' dir='ltr'> </span> 
     </span>
    </p>
   </div>
   <div class='ocr_carea' id='block_1_4' title="bbox 130 2636 1824 2823">
    <p class='ocr_par' dir='ltr' id='par_1_4' title="bbox 130 2636 1824 2823">
     <span class='ocr_line' id='line_1_34' title="bbox 254 2636 1821 2695; baseline 0.001 -13"><span class='ocrx_word' id='word_1_215' title='bbox 254 2642 339 2682; x_wconf 77' lang='lat'>773</span> <span class='ocrx_word' id='word_1_216' title='bbox 387 2636 553 2694; x_wconf 85' lang='lat' dir='ltr'>dirigit</span> <span class='ocrx_word' id='word_1_217' title='bbox 596 2640 722 2683; x_wconf 89' lang='lat' dir='ltr'>codd.</span> <span class='ocrx_word' id='word_1_218' title='bbox 761 2640 778 2695; x_wconf 87' lang='grc' dir='ltr'>ΙΙ</span> <span class='ocrx_word' id='word_1_219' title='bbox 818 2643 899 2684; x_wconf 84' lang='grc'>’181</span> <span class='ocrx_word' id='word_1_220' title='bbox 948 2641 1103 2684; x_wconf 89' lang='lat' dir='ltr'>tumor</span> <span class='ocrx_word' id='word_1_221' title='bbox 1139 2654 1308 2685; x_wconf 80' lang='lat' dir='ltr'>raswra</span> <span class='ocrx_word' id='word_1_222' title='bbox 1354 2641 1602 2685; x_wconf 75' lang='lat' dir='ltr'>extinctum</span> <span class='ocrx_word' id='word_1_223' title='bbox 1641 2652 1724 2683; x_wconf 80' lang='lat' dir='ltr'>rec.</span> <span class='ocrx_word' id='word_1_224' title='bbox 1764 2653 1821 2683; x_wconf 88' lang='lat' dir='ltr'>m.</span> 
     </span>
     <span class='ocr_line' id='line_1_35' title="bbox 130 2697 1824 2755; baseline 0 -16"><span class='ocrx_word' id='word_1_225' title='bbox 130 2697 342 2753; x_wconf 77' lang='lat' dir='ltr'>rescripit</span> <span class='ocrx_word' id='word_1_226' title='bbox 370 2700 403 2739; x_wconf 99' lang='lat' dir='ltr'>P</span> <span class='ocrx_word' id='word_1_227' title='bbox 440 2698 456 2753; x_wconf 83' lang='grc' dir='ltr'>ΙΙ</span> <span class='ocrx_word' id='word_1_228' title='bbox 496 2700 580 2740; x_wconf 80' lang='grc'>783</span> <span class='ocrx_word' id='word_1_229' title='bbox 620 2697 780 2753; x_wconf 85' lang='lat' dir='ltr'>iraque</span> <span class='ocrx_word' id='word_1_230' title='bbox 820 2703 853 2741; x_wconf 89' lang='lat' dir='ltr'>P</span> <span class='ocrx_word' id='word_1_231' title='bbox 892 2698 1101 2754; x_wconf 87' lang='lat' dir='ltr'>iramque</span> <span class='ocrx_word' id='word_1_232' title='bbox 1133 2701 1267 2744; x_wconf 84' lang='lat' dir='ltr'>ceteri</span> <span class='ocrx_word' id='word_1_233' title='bbox 1304 2699 1318 2755; x_wconf 83' lang='grc' dir='ltr'>ΙΙ</span> <span class='ocrx_word' id='word_1_234' title='bbox 1359 2704 1442 2743; x_wconf 84' lang='grc'>789</span> <span class='ocrx_word' id='word_1_235' title='bbox 1484 2698 1668 2753; x_wconf 83' lang='lat' dir='ltr'>quierat</span> <span class='ocrx_word' id='word_1_236' title='bbox 1705 2698 1755 2740; x_wconf 88' lang='lat' dir='ltr'>et</span> <span class='ocrx_word' id='word_1_237' title='bbox 1790 2701 1824 2740; x_wconf 89' lang='lat' dir='ltr'>P</span> 
     </span>
     <span class='ocr_line' id='line_1_36' title="bbox 134 2754 1822 2823; baseline 0.002 -26"><span class='ocrx_word' id='word_1_238' title='bbox 134 2754 379 2808; x_wconf 80' lang='lat' dir='ltr'>quieverat</span> <span class='ocrx_word' id='word_1_239' title='bbox 409 2759 533 2798; x_wconf 69' lang='grc' dir='ltr'>ΒΘΗ</span> <span class='ocrx_word' id='word_1_240' title='bbox 569 2757 585 2811; x_wconf 79' lang='grc' dir='ltr'>ΙΙ</span> <span class='ocrx_word' id='word_1_241' title='bbox 625 2760 710 2800; x_wconf 82' lang='grc'>794</span> <span class='ocrx_word' id='word_1_242' title='bbox 748 2756 904 2823; x_wconf 75' lang='lat' dir='ltr'>Thyas</span> <span class='ocrx_word' id='word_1_243' title='bbox 937 2759 1062 2802; x_wconf 83' lang='lat' dir='ltr'>codd.</span> <span class='ocrx_word' id='word_1_244' title='bbox 1111 2757 1282 2815; x_wconf 80' lang='lat' dir='ltr'>Thyias</span> <span class='ocrx_word' id='word_1_245' title='bbox 1329 2772 1441 2803; x_wconf 78' lang='lat' dir='ltr'>corr.</span> <span class='ocrx_word' id='word_1_246' title='bbox 1500 2757 1725 2811; x_wconf 78' lang='lat' dir='ltr'>Weberus‚</span> <span class='ocrx_word' id='word_1_247' title='bbox 1764 2756 1822 2811; x_wconf 82' lang='lat' dir='ltr'>cf.</span> 
     </span>
    </p>
   </div>
   <div class='ocr_carea' id='block_1_5' title="bbox 132 2810 1822 2918">
    <p class='ocr_par' dir='ltr' id='par_1_5' title="bbox 132 2810 1822 2918">
     <span class='ocr_line' id='line_1_37' title="bbox 141 2810 1822 2871; baseline 0.004 -17"><span class='ocrx_word' id='word_1_248' title='bbox 141 2810 186 2854; x_wconf 91' lang='lat' dir='ltr'><strong><em>V</em></strong></span> <span class='ocrx_word' id='word_1_249' title='bbox 218 2817 281 2858; x_wconf 80' lang='lat'>92</span> <span class='ocrx_word' id='word_1_250' title='bbox 317 2815 332 2870; x_wconf 85' lang='grc' dir='ltr'>ΙΙ</span> <span class='ocrx_word' id='word_1_251' title='bbox 373 2819 457 2858; x_wconf 81' lang='grc'>796</span> <span class='ocrx_word' id='word_1_252' title='bbox 502 2813 722 2870; x_wconf 89' lang='lat' dir='ltr'>turpique</span> <span class='ocrx_word' id='word_1_253' title='bbox 760 2829 820 2859; x_wconf 91' lang='lat' dir='ltr'>m.</span> <span class='ocrx_word' id='word_1_254' title='bbox 861 2829 891 2859; x_wconf 90' lang='lat'>1.</span> <span class='ocrx_word' id='word_1_255' title='bbox 932 2815 1117 2860; x_wconf 78' lang='lat' dir='ltr'>hastam</span> <span class='ocrx_word' id='word_1_256' title='bbox 1154 2818 1282 2862; x_wconf 89' lang='lat' dir='ltr'>codd.</span> <span class='ocrx_word' id='word_1_257' title='bbox 1322 2818 1421 2861; x_wconf 78' lang='lat' dir='ltr'>edd,</span> <span class='ocrx_word' id='word_1_258' title='bbox 1470 2817 1723 2871; x_wconf 84' lang='lat' dir='ltr'>turpesque</span> <span class='ocrx_word' id='word_1_259' title='bbox 1761 2828 1822 2861; x_wconf 86' lang='lat' dir='ltr'>m.</span> 
     </span>
     <span class='ocr_line' id='line_1_38' title="bbox 132 2869 762 2918; baseline 0.008 -6"><span class='ocrx_word' id='word_1_260' title='bbox 132 2869 163 2912; x_wconf 85' lang='lat' dir='ltr'>i.</span> <span class='ocrx_word' id='word_1_261' title='bbox 196 2869 357 2916; x_wconf 82' lang='lat' dir='ltr'>hastas</span> <span class='ocrx_word' id='word_1_262' title='bbox 389 2886 503 2918; x_wconf 75' lang='lat' dir='ltr'>corr.</span> <span class='ocrx_word' id='word_1_263' title='bbox 536 2872 762 2917; x_wconf 81' lang='lat' dir='ltr'>Barthius</span> 
     </span>
    </p>
   </div>
  </div>
 </body>
</html>
