2028 3190
219 147 328 199 314
803 147 852 193 P.
884 147 1111 193 PAPINII
1143 149 1339 194 STATII

220 267 363 322 Ora?
403 269 530 338 quid
570 270 809 322 alternus
850 269 1029 322 vultus
1069 270 1347 339 pallorque
1386 271 1655 342 ruborque

217 341 418 411 Mutat,
458 346 513 395 et
553 343 737 396 obnixi
775 343 1035 413 frangunt
1071 344 1214 396 mala
1252 361 1528 398 murmura
1566 346 1790 401 dentes?

217 415 305 469 Me
331 416 608 486 miseram,
637 417 844 471 vinces!
868 417 1018 485 prius
1044 416 1179 470 haec
1201 420 1385 470 tamen
1410 437 1561 472 arma
1583 438 1800 475 necesse
1825 425 1908 475 est
1946 463 1950 467 .

217 489 512 559 Experiare
553 490 719 544 domi:
761 490 918 544 stabo
958 490 1078 559 ipso
1118 491 1176 543 in
1212 491 1399 544 limine
1436 496 1626 561 portae

216 563 538 633 Auspicium
577 564 768 617 infelix
809 564 1176 634 scelerumque
1214 565 1467 619 immanis
1506 566 1704 636 imago.
1819 582 1907 623 340

215 637 366 691 Haec
404 638 507 691 tibi
548 639 773 691 canities
784 680 796 706 ,
836 638 970 691 haec
1010 641 1135 691 sunt
1173 639 1453 709 calcanda,
1491 641 1744 710 nefande,

215 710 422 780 Ubera,
460 730 661 782 perque
701 715 914 766 uterum
955 713 1171 781 sonipes
1211 713 1300 766 hic
1339 713 1529 767 matris
1569 716 1826 786 agendus

215 784 407 838 Parce:
447 786 576 855 quid
616 786 923 855 oppositam
963 787 1153 856 capulo
1192 805 1485 872 parmaque
1523 790 1781 858 repellis?

215 858 342 913 Non
383 877 483 930 ego
524 863 578 913 te
619 864 809 914 contra
849 859 1054 930 Stygiis
1094 860 1288 914 feralia
1329 862 1484 914 sanxi

214 931 362 987 Vota
402 934 537 1002 deis,
578 953 735 988 caeco
774 952 872 987 nec
912 934 1148 1003 Erinyas
1189 953 1280 988 ore
1320 936 1528 1005 rogavi.
1819 951 1905 992 345

214 1006 427 1060 Exaudi
466 1008 743 1073 miseram3
786 1008 1033 1078 genetrix
1071 1011 1149 1077 te,
1190 1026 1370 1077 saeve,
1409 1013 1683 1079 precatur,

214 1080 341 1134 Non
371 1084 548 1152 pater3
588 1082 721 1135 adde
754 1100 963 1135 moram
997 1082 1187 1135 sceleri
1219 1085 1273 1135 et
1305 1084 1517 1152 metire,
1557 1084 1698 1153 quod
1730 1086 1902 1140 audes.

215 1153 321 1208 Sed
359 1156 543 1225 pulsat
581 1174 764 1209 muros
806 1172 1092 1224 germanus
1133 1159 1187 1208 et
1224 1155 1392 1225 impia
1432 1161 1622 1211 contra

212 1227 368 1281 Bella
407 1229 547 1282 ciet?
586 1248 696 1283 non
735 1232 911 1282 mater
949 1230 1116 1298 enim,
1152 1248 1263 1282 non
1302 1230 1486 1283 obstat
1525 1232 1674 1284 eunti

212 1301 342 1356 Ulla
375 1321 549 1374 soror3
581 1307 636 1356 te
662 1307 856 1357 cuncta
879 1307 1098 1373 rogant,
1130 1303 1218 1356 hic
1240 1303 1554 1374 plangimus
1581 1323 1784 1361 omnes,
1817 1321 1902 1361 350

212 1377 319 1429 Ast
358 1377 436 1431 ibi
474 1378 562 1430 vix
601 1396 740 1430 unus
780 1394 992 1447 pugnas
1031 1377 1310 1430 dissuadet
1349 1377 1638 1449 AdrastUS,

212 1451 325 1503 Aut
362 1450 595 1504 fortasse
634 1451 805 1505 iubet:
846 1455 907 1504 tu
945 1451 1135 1503 limina
1174 1451 1320 1504 avita
1361 1451 1595 1522 deosque

211 1523 437 1594 Linquis
480 1529 534 1578 et
568 1545 599 1578 a
637 1525 840 1578 nostris
879 1524 936 1577 in
975 1525 1201 1578 fratrem
1241 1526 1581 1594 amplexibus
1622 1527 1801 1582 exis?

286 1597 363 1651 At
401 1603 558 1668 parte
599 1617 662 1651 ex
703 1600 810 1652 alia
848 1599 1044 1652 tacitos
1085 1599 1337 1652 obstante
1375 1601 1614 1654 tumultu

211 1671 484 1743 Antigone
522 1673 705 1726 furata
744 1672 942 1742 gradus
983 1670 1105 1743 (nec
1145 1675 1294 1726 casta
1332 1674 1574 1727 retardat
1777 1727 1779 1729 .
1814 1689 1900 1730 355

210 1743 541 1818 Virginitas)
581 1747 732 1799 volat
772 1746 970 1816 Ogygii
1008 1746 1231 1817 fastigia
1269 1747 1411 1800 muri

211 1819 555 1889 Exsuperare
594 1821 800 1889 furens3
841 1820 1022 1874 senior
1061 1838 1239 1874 comes
1279 1820 1469 1874 haeret
1508 1822 1656 1876 eunti

212 1892 404 1962 Actor,
445 1898 499 1947 et
536 1894 625 1947 hic
666 1913 902 1948 summas
942 1913 1051 1948 non
1091 1895 1380 1948 duraturus
1420 1895 1485 1949 ad
1527 1914 1691 1951 arces,

209 1966 391 2037 thue
431 1968 620 2036 procul
658 1969 791 2022 visis
831 1969 1052 2038 paulum
1093 1968 1362 2022 dubitavit
1399 1968 1456 2022 in
1495 1970 1684 2040 armis,

208 2041 557 2111 Agnovitque
599 2040 822 2113 (nefasl)
860 2043 1052 2095 iaculis
1093 2045 1148 2095 et
1187 2060 1314 2095 voce
1355 2044 1588 2111 superba
1813 2058 1898 2099 360

210 2114 376 2168 Tecta
414 2116 800 2185 incessantem,
838 2133 1036 2185 magno
1076 2116 1227 2185 prius
1268 2116 1451 2168 omnia
1487 2117 1711 2185 planctu

211 2187 411 2257 Implet
451 2193 504 2241 et
542 2207 606 2241 ex
645 2190 813 2243 muris
854 2207 950 2242 ceu
990 2189 1308 2242 descensura
1346 2189 1615 2258 profatur:

327 2357 413 2397 338
439 2368 505 2408 sq.
543 2353 644 2398 ‘Me
677 2380 731 2386 -
766 2354 918 2399 domi’
954 2355 1230 2400 Priscian.
1264 2355 1371 2399 XVI
1398 2361 1451 2400 13
1485 2371 1528 2413 p.
1565 2362 1664 2408 103.
1699 2364 1720 2403 1
1754 2357 1811 2404 H.
1839 2382 1897 2393 —

210 2418 311 2458 361.
350 2412 519 2456 ‘Tecta
549 2411 887 2468 incessantem'
922 2413 1155 2470 Eutych.
1189 2414 1231 2458 H
1266 2420 1320 2459 14
1351 2430 1394 2472 p.
1428 2420 1530 2471 483,
1563 2421 1590 2460 4
1621 2415 1676 2463 Κ.

327 2573 412 2613 336
446 2566 653 2612 alternus
685 2568 861 2613 BG²cG
893 2569 1003 2614 Beh.
1036 2569 1263 2614 Barthius
1303 2569 1507 2614 alternos
1531 2570 1893 2627 PM11338·vin-

208 2627 294 2671 cis!
327 2627 691 2673 Sandstroemius
714 2629 729 2683 ΙΙ
753 2631 838 2671 339
866 2628 1134 2684 Expertare,
1168 2630 1228 2672 al.
1253 2643 1309 2671 m.
1335 2642 1564 2684 suprascr.
1596 2632 1618 2671 1
1649 2631 1892 2686 expectare

206 2691 239 2729 P
266 2690 273 2743 Ι
301 2686 406 2744 ipsa
443 2691 488 2730 Μ
525 2687 624 2732 edd.
655 2688 671 2741 ΙΙ
702 2690 788 2730 340
828 2686 959 2741 origo
1000 2687 1279 2732 Schraderus
1308 2688 1324 2743 ΙΙ
1355 2692 1439 2731 341
1486 2687 1668 2732 calcata
1699 2692 1731 2730 P
1760 2689 1776 2743 ΙΙ
1806 2693 1891 2732 346

210 2758 352 2789 saeua
382 2750 414 2788 P
448 2747 464 2803 ΙΙ
499 2750 584 2791 357
617 2758 773 2789 comes
804 2759 886 2790 om.
920 2750 952 2787 P
987 2748 1001 2802 ΙΙ
1036 2750 1122 2790 358
1156 2747 1330 2789 Auctor
1360 2750 1392 2788 P
1422 2748 1438 2802 ΙΙ
1461 2751 1545 2791 361
1578 2745 1894 2790 incessantem

207 2804 405 2862 Eutych.
439 2821 470 2859 g
495 2819 569 2861 pr.
594 2819 650 2849 m.
684 2804 898 2848 Menkius
929 2803 1193 2849 incessante
1220 2810 1251 2847 Τ
1282 2803 1592 2849 incessentem
1612 2808 1739 2847 PBH
1763 2805 1860 2850 edd.
1877 2805 1891 2863 Η

207 2869 292 2909 362
326 2863 594 2908 discensura
623 2862 822 2921 profatis
854 2867 886 2905 P
