2072 3216
217 176 323 230 168
795 177 843 222 P.
876 166 1102 222 PAPINII
1134 178 1328 225 STATII

93 305 186 347 670
214 297 509 351 Promissa.
584 297 666 351 Ac
704 298 940 367 primum
979 303 1126 352 terra
1166 299 1476 370 discumque
1514 317 1841 370 manumque

214 371 471 441 Asperat,
512 390 736 426 excusso
776 391 903 426 mox
943 373 1144 426 circum
1183 374 1404 442 pulvere
1442 378 1646 446 versat,

216 446 368 509 Quod
408 446 552 499 latus
593 446 652 498 in
691 446 918 517 digitos,
956 447 1165 500 mediae
1205 448 1347 518 quod
1388 449 1584 503 certius
1618 447 1779 502 ulnae
1817 460 1904 502 650

215 518 536 590 Conveniat,
574 538 685 573 non
725 521 859 574 artis
901 536 1086 591 egens:
1125 521 1215 575 hic
1255 539 1467 591 semper
1506 521 1679 576 amori

213 593 393 646 Ludus
434 597 572 663 erat,
610 594 820 662 patriae
858 613 969 648 non
1007 598 1221 649 tantum
1261 596 1356 649 ubi
1393 596 1570 650 laudis
1611 595 1787 650 obiret

95 675 184 718 675
218 665 405 737 Sacra,
446 668 537 720 sed
577 668 802 721 alternis
842 669 1095 738 Alpheon
1134 670 1403 739 utrimque
1444 670 1657 724 solebat

214 741 412 794 Metari
450 742 581 810 ripis
622 745 696 812 et,
737 761 843 812 qua
882 743 1152 797 latissima
1192 743 1420 813 distant,

214 814 341 868 Non
379 834 637 884 umquam
676 835 854 870 merso
894 818 1269 871 transmittere
1307 818 1533 872 flumina
1573 817 1737 872 disco.
1818 828 1904 872 655

213 887 366 958 Ergo
408 907 631 958 operum
669 890 839 945 fidens
877 909 988 944 non
1026 891 1273 960 protinus
1309 891 1532 946 horrida
1570 891 1747 961 campi

213 961 437 1033 Iugera,
477 964 568 1016 sed
609 965 759 1018 caelo
800 965 1042 1018 dextram
1082 966 1328 1035 metitur,
1365 965 1624 1035 humique

84 1044 176 1087 680
213 1036 439 1090 Pressus
478 1041 708 1108 utroque
748 1055 890 1108 genu
930 1039 1155 1092 collecto
1196 1039 1462 1109 sanguine
1502 1039 1708 1093 discum

213 1110 336 1180 Ipse
378 1129 537 1180 super
578 1130 694 1165 sese
732 1115 878 1166 rotat
919 1115 1078 1181 atque
1118 1114 1176 1165 in
1213 1114 1401 1166 nubila
1440 1113 1638 1166 condit.

212 1184 314 1237 Ille
354 1185 494 1238 citus
535 1186 764 1239 sublime
803 1186 944 1255 petit
984 1187 1283 1256 similisque
1324 1187 1537 1240 cadenti
1819 1200 1905 1242 660

213 1258 421 1313 Crescit
459 1259 517 1312 in
557 1259 862 1328 adversum,
902 1261 1227 1330 tandemque
1267 1260 1561 1313 exhaustus
1602 1261 1671 1314 ab
1712 1260 1823 1314 alto

213 1332 439 1386 Tardior
477 1334 537 1387 in
575 1337 778 1387 terram
815 1333 957 1388 redit
997 1338 1159 1404 atque
1198 1334 1542 1404 immergitur
1582 1334 1743 1388 arvis·

92 1415 183 1458 685
216 1405 302 1460 Sic
342 1407 506 1477 cadit,
548 1408 795 1461 attonitis
837 1409 1087 1476 quotiens
1129 1408 1381 1461 avellitur
1402 1408 1605 1477 :astriS‚

214 1479 355 1534 Solis
395 1499 564 1550 opaca
605 1500 781 1551 soror3
821 1483 1011 1551 procul
1053 1482 1370 1535 auxiliantia
1411 1484 1599 1552 gentes

213 1556 358 1608 Aera
389 1558 612 1625 crepant
643 1556 950 1626 frustraque
974 1556 1191 1624 timent,
1223 1559 1280 1608 at
1303 1556 1568 1609 Thessala
1592 1555 1787 1609 victrix
1819 1567 1904 1610 665

211 1628 373 1682 Ridet
414 1630 732 1683 anhelantes
774 1630 958 1683 audito
1000 1630 1232 1683 carmine
1273 1630 1444 1698 bigas·

214 1702 557 1757 Conlaudant
595 1702 796 1772 Danai,
836 1704 929 1756 sed
967 1721 1076 1756 non
1114 1703 1219 1756 tibi
1258 1703 1423 1755 molle
1462 1702 1661 1772 tuenti,

91 1787 185 1829 690
215 1777 620 1847 Hippomedon,
659 1778 938 1847 maiorque
976 1795 1170 1830 manus
1211 1779 1461 1846 speratur
1499 1776 1557 1829 in
1596 1793 1781 1844 aequo.

287 1852 470 1921 Atque
507 1851 591 1905 illi
631 1852 926 1921 extemplo,
966 1851 1052 1905 cui
1092 1869 1215 1921 spes
1255 1849 1550 1920 infringere
1591 1849 1746 1903 dulce

146 1967 150 1970 -
213 1925 541 1994 InmodicaS,
579 1925 822 1979 Fortuna
860 1925 1024 1979 venit.
1101 1924 1241 1988 Quid
1279 1925 1504 1977 numina
1545 1927 1736 1977 contra
1819 1936 1906 1977 670

215 1999 458 2053 Tendere
496 2000 580 2054 fas
620 1999 866 2053 homini?
939 1997 1188 2068 Spatium
1225 1999 1336 2052 iam
1374 1999 1610 2050 immane
1650 1996 1907 2067 parabat,

212 2073 330 2126 Iam
370 2074 551 2128 cervix
591 2076 966 2138 conversaset
1003 2074 1112 2126 iam
1152 2073 1295 2124 latus
1336 2090 1492 2124 omne
1531 2070 1762 2123 redibat:

93 2158 185 2201 695
215 2147 433 2201 Excidit
473 2151 597 2200 ante
636 2148 798 2216 pedes
839 2147 1081 2215 elapsum
1121 2146 1327 2213 pondus
1370 2148 1423 2197 et
1460 2145 1598 2196 ictus

214 2221 480 2274 Destituit
516 2220 824 2289 frustraque
863 2238 1083 2272 manum
1125 2219 1338 2271 demisit
1378 2218 1610 2271 inanem.

213 2294 530 2365 Ingemuere
571 2312 780 2363 omnes,
819 2294 1062 2362 rarisque
1102 2310 1165 2345 ea
1206 2293 1321 2345 visa
1359 2292 1628 2360 voluptas,
1817 2302 1903 2345 676

212 2368 342 2422 Inde
383 2368 449 2421 ad
489 2370 714 2421 conatus
753 2367 946 2439 timida
985 2366 1132 2419 subit
1171 2368 1287 2418 arte
1327 2364 1673 2418 Menestheus

215 2441 459 2506 Cautior,
500 2445 555 2494 et
593 2441 824 2494 multum
862 2444 939 2510 te,
977 2440 1126 2493 Maia
1165 2443 1331 2509 crete,
1370 2441 1562 2508 rogato

334 2563 420 2603 660
430 2571 498 2613 sq.
519 2555 799 2612 ‘similisque
810 2583 852 2588 —
864 2557 1129 2600 adversum’
1153 2555 1180 2599 S
1194 2569 1216 2598 e
1228 2570 1249 2597 r
1260 2569 1300 2597 V.
1313 2554 1374 2598 ad
1385 2555 1498 2598 Aen.
1509 2553 1618 2597 VIH
1627 2558 1696 2598 91.
1706 2551 1904 2600 X11856.

336 2666 422 2708 650
461 2661 675 2717 quodque
716 2660 887 2704 certius
919 2665 952 2703 P
983 2662 998 2715 ΙΙ
1030 2664 1116 2703 654
1153 2657 1324 2701 Metari
1354 2663 1386 2700 P
1424 2656 1583 2701 Metiri
1622 2655 1756 2701 ceteri
1775 2656 1792 2711 ΙΙ
1816 2657 1900 2699 657

216 2723 281 2767 sic
312 2727 345 2764 P
375 2723 502 2768 Dan.
531 2723 538 2778 1
565 2720 738 2775 ubique
769 2724 801 2761 P
825 2721 840 2775 ΙΙ
865 2724 946 2763 661
994 2716 1146 2763 Cessit
1181 2716 1374 2762 Guietus
1401 2718 1408 2772 Ι
1434 2715 1485 2759 in
1517 2715 1736 2759 adversos
1777 2712 1901 2758 Serv.

215 2785 277 2828 ad
324 2782 437 2827 Aen.
483 2780 599 2825 XII
632 2783 725 2824 856
762 2780 779 2835 ΙΙ
817 2783 902 2823 674
943 2777 1134 2823 demisit
1170 2776 1349 2818 PG²SB
1387 2790 1444 2820 m.
1485 2789 1566 2820 sec.
1605 2773 1716 2818 Βοὴ.
1758 2775 1903 2815 GTrb

214 2855 271 2886 m.
295 2855 372 2896 pr.
407 2838 588 2884 dimisit
617 2837 873 2893 311111677
908 2839 1032 2880 crete
1066 2836 1345 2881 Schraderus
1377 2835 1532 2878 create
1564 2837 1596 2875 P
1628 2831 1757 2877 Leid.
1789 2830 1903 2874 nate

213 2899 403 2943 BG²SM
427 2902 442 2956 ΙΙ
467 2904 553 2944 678
585 2895 827 2958 prevalide
861 2901 892 2938 P
924 2897 1056 2941 Busl.
1090 2893 1427 2951 praegravidae
1459 2891 1648 2935 BG²sn
