2028 3190
678 163 1022 209 THEBAIDOS
1053 164 1162 209 LIB.
1196 165 1250 210 X.
1713 168 1822 221 273

127 283 233 347 Qui
269 302 412 337 nunc
452 288 652 338 eventu
692 285 822 338 belli
860 285 1189 339 tumefactus
1230 286 1508 340 Achaeum

124 356 364 428 Pervigil
404 358 656 412 adservat
693 359 898 412 vallum
938 362 993 411 et
1030 363 1126 412 tua
1164 361 1284 413 iura
1322 364 1551 415 recusat.

126 430 213 484 Da
251 432 500 500 precibus
539 432 712 486 tantis
753 430 905 502 (rara
945 436 1028 486 est
1064 433 1167 486 hoc
1204 452 1367 503 posse
1406 433 1679 507 facultas),
1737 449 1820 490 130

124 504 516 575 Placatumque
554 506 741 560 Iovem
781 506 969 559 dextra
1006 506 1211 560 Iunone
1251 508 1490 560 merere.'

126 577 303 648 Dixit,
344 582 399 632 et
436 579 764 649 increpitans
804 580 1123 650 languentia
1161 585 1384 650 pectora
1423 582 1634 651 dextra,

125 650 209 704 Ne
248 657 475 720 pereant
511 672 692 722 voceS,
730 654 1034 723 iterumque
1073 656 1376 724 iterumque
1416 656 1690 710 monebat.

124 725 227 778 Ille
267 726 397 780 deae
435 727 595 780 iussis
635 727 812 795 vultU,
853 746 959 798 quo
999 731 1181 796 nutat,
1222 729 1413 782 eodem

125 798 355 870 Adnuit3
396 801 603 854 excedit
643 801 858 870 gravior
897 802 1240 872 nigrantibus
1281 804 1454 855 antris
1731 817 1817 856 135

126 872 231 926 Iris
271 877 326 927 et
366 874 621 928 obtusum
661 876 832 928 multo
873 875 1031 928 iubar
1069 877 1267 929 excitat
1304 877 1483 930 imbri.

198 946 324 1016 Ipse
364 966 575 1018 quoque
615 952 672 1001 et
702 950 973 1002 volucrem
1007 968 1253 1021 gressum
1285 955 1339 1004 et
1370 954 1598 1004 ventosa
1630 951 1819 1004 citavit

124 1020 414 1092 Tempora,
455 1026 510 1075 et
549 1023 763 1076 obscuri
803 1024 1077 1084 sinuatam
1114 1023 1318 1095 frigore
1358 1026 1491 1077 caeli

123 1094 376 1164 Implevit
415 1096 776 1165 chlamydem,
815 1097 1088 1167 tacitoque
1127 1117 1224 1168 per
1265 1099 1487 1151 aethera
1528 1117 1686 1152 cursu

123 1167 316 1222 Fertur
356 1172 411 1222 et
450 1169 641 1223 Aoniis
681 1171 843 1240 longe
885 1172 1067 1240 gravis
1107 1172 1355 1225 imminet
1395 1173 1555 1226 arviS.
1734 1186 1817 1226 140

127 1241 284 1295 Illius
326 1262 459 1296 aura
499 1245 615 1297 solo
655 1245 900 1297 volucres
939 1245 1276 1315 pecudesque
1316 1246 1565 1315 ferasque

125 1315 401 1385 Explicat,
442 1320 496 1369 et
526 1318 766 1386 penituS,
806 1336 1140 1388 quacumque
1182 1321 1497 1388 supervolat
1535 1321 1744 1388 orbem,

125 1388 410 1459 Languida
451 1390 515 1442 de
556 1391 792 1459 scopulis
833 1391 1018 1444 sidunt
1056 1393 1219 1460 freta,
1258 1394 1466 1462 pigrius
1506 1394 1733 1446 haerent

123 1462 350 1527 Nubila,
391 1463 686 1517 demittunt
725 1468 965 1518 extrema
996 1467 1277 1518 cacumina
1317 1467 1509 1535 silvae,

124 1535 391 1606 Pluraque
430 1538 980 1592 lassato'ceciderunt
1019 1539 1194 1592 sidera
1234 1540 1397 1593 caelo.
1733 1554 1816 1594 145

123 1608 337 1663 Primus
379 1610 565 1664 adesse
605 1611 764 1664 deum
803 1613 985 1665 subita
1023 1613 1254 1682 caligine
1295 1614 1464 1666 sensit

125 1682 362 1752 Campus
373 1726 387 1752 ,
427 1688 481 1737 et
518 1685 831 1739 innumerae
871 1704 1029 1739 voces
1069 1686 1424 1756 fremitusque
1462 1687 1699 1740 virorum

125 1755 435 1811 Submisere
475 1777 689 1829 sonum3
730 1778 852 1813 cum
891 1779 1018 1813 vero
1058 1762 1370 1814 umentibus
1412 1762 1514 1813 alis

123 1829 376 1883 Incubuit
412 1833 671 1901 piceaque
711 1833 846 1886 haut
883 1852 1139 1902 umquam
1179 1835 1395 1887 densior
1433 1836 1625 1887 umbra

126 1902 320 1956 Castra
360 1905 527 1971 subit,
570 1924 746 1959 errare
787 1907 927 1959 oculi
965 1908 1308 1975 resolutaque
1349 1908 1510 1977 colla,
1731 1923 1815 1961 150

126 1977 200 2030 Et
240 1978 414 2030 medio
457 1978 641 2031 adfatu
679 1980 846 2032 verba
886 1980 1203 2049 imperfecta
1242 1981 1490 2050 relinqui.

246 2112 328 2152 128
368 2108 564 2153 acheum
594 2114 626 2151 P
667 2108 884 2153 achivum
914 2114 947 2152 B
980 2124 1035 2154 m.
1070 2124 1152 2155 sec.
1187 2110 1379 2153 G2G111⁸
1415 2112 1431 2167 ss
1472 2115 1555 2155 129
1589 2110 1816 2169 Pervigili

124 2170 157 2209 P
191 2168 197 2221 Ι
232 2165 336 2211 iura
364 2168 582 2211 PBG20'1?
620 2168 749 2212 iussa
782 2173 861 2211 SM
892 2183 1000 2213 rura
1033 2173 1068 2212 G
1097 2171 1113 2226 ΙΙ
1144 2169 1253 2214 Post
1283 2185 1321 2214 v.
1359 2174 1448 2215 130
1479 2171 1700 2215 inseritur
1737 2172 1811 2215 hic

123 2239 277 2270 versus
307 2228 360 2270 in
389 2242 451 2284 cp:
499 2226 832 2283 Placatamque
864 2227 955 2271 tibi
984 2228 1208 2272 Iunonem
1241 2228 1439 2286 coniuge
1474 2229 1651 2284 dextro,
1687 2244 1815 2286 quem

117 2286 248 2340 prob.
303 2285 550 2330 Bentleius.
615 2286 763 2331 Paulo
818 2289 951 2332 aliter
1004 2293 1241 2349 conceptus
1286 2302 1442 2333 versus
1489 2290 1717 2345 leycbatur
1763 2290 1814 2332 in

125 2344 252 2387 codd.
278 2343 464 2400 Georyii
494 2345 711 2400 Richtem,
744 2360 853 2402 quos
882 2345 1112 2391 Gronovio
1143 2348 1261 2392 dono
1298 2349 1482 2392 dederat
1510 2349 1585 2403 (cf.
1610 2353 1727 2404 yust.
1753 2349 1815 2392 ad

128 2401 261 2445 Theb.
290 2416 337 2458 p.
371 2406 462 2447 406
486 2405 590 2460 sq.):
622 2403 957 2462 Placatamque
991 2404 1130 2448 simul
1161 2406 1384 2450 Iunonem
1418 2420 1454 2450 c.
1489 2406 1531 2450 d.
1589 2408 1655 2450 In
1687 2408 1811 2451 codd.

129 2459 287 2504 Petav.
328 2466 373 2504 et
410 2460 535 2506 Dan.
578 2465 703 2520 apud
742 2463 1137 2522 Liozdenb‘roqium
1168 2479 1219 2521 p.
1252 2469 1344 2510 490
1376 2466 1511 2509 verba
1542 2466 1611 2509 ita
1641 2467 1813 2520 scripta

125 2523 278 2562 erant:
325 2519 636 2576 Iunonemque
676 2520 767 2565 tibi
804 2522 1041 2578 placatam
1081 2537 1119 2567 c.
1160 2522 1204 2567 d.
1230 2525 1244 2581 ΙΙ
1272 2530 1353 2568 131
1394 2524 1544 2568 vereri
1574 2528 1607 2566 P
1646 2523 1814 2567 mereri

125 2577 318 2620 1302811
362 2578 552 2622 mereris
599 2595 626 2634 p
671 2594 847 2624 merere
887 2595 1001 2626 corr.
1055 2581 1316 2628 Gronovius
1353 2585 1368 2641 ss
1410 2589 1494 2627 134
1540 2582 1674 2626 vultu
1722 2595 1812 2636 quo

124 2637 262 2679 nutat
317 2636 480 2680 eodem
528 2642 561 2680 P
614 2638 807 2682 dubium
860 2640 1149 2696 mixtumque
1204 2641 1361 2699 sopori
1406 2642 1596 2684 Be2sn
1644 2639 1813 2683 dubius

125 2694 389 2750 mixtusque
414 2700 496 2739 ΤΗ
521 2696 802 2754 dubiumque
825 2698 1116 2754 mixtumque
1140 2716 1163 2742 r
1189 2700 1384 2745 dubium
1407 2701 1624 2755 cmixtslq.
1644 2698 1814 2755 pudori

127 2756 201 2809 (m.
236 2769 312 2810 pr.
353 2769 465 2799 corr.
506 2756 558 2799 in
598 2757 770 2813 sopori)
810 2762 836 2799 b
876 2760 891 2814 ΙΙ
932 2763 1015 2802 136
1056 2759 1232 2803 excitat
1269 2759 1370 2817 igni
1410 2760 1634 2803 Heinsius
1670 2759 1686 2813 ΙΙ
1728 2762 1811 2802 139

127 2824 332 2868 aequora
362 2819 394 2856 P
435 2827 544 2857 aera
575 2819 660 2857 GH
689 2817 705 2872 ss
738 2821 820 2860 142
854 2830 1188 2873 quamcumque
1219 2822 1299 2862 BG
1330 2821 1344 2874 ΙΙ
1379 2823 1461 2861 145
1495 2817 1651 2860 laxato
1684 2817 1809 2861 codd.

127 2871 240 2926 edd,
273 2886 385 2917 corr.
422 2874 640 2918 Menkius
661 2876 677 2931 ΙΙ
704 2879 786 2918 148
820 2874 1125 2921 Summissere
1157 2882 1189 2919 P

219 2952 358 2986 S'rA'rn
383 2954 575 2989 Tannus.
1404 2953 1455 2990 18
