2008 3198
729 178 1072 224 THEBAIDOS
1104 179 1213 225 LIB.
1245 179 1302 225 V.
1764 178 1867 232 137

180 303 398 375 Figitur
437 302 553 356 alta
593 302 722 355 solo‚
799 300 1020 371 Longus
1059 301 1151 355 vix
1189 303 1305 354 tota
1342 301 1555 371 peregit

179 377 427 431 Membra
465 376 644 445 dolor,
683 375 875 445 rapido
915 375 1073 438 celer,
1096 375 1189 428 ille
1228 374 1506 429 volumine
1543 375 1716 430 telum
1785 388 1870 429 575

182 449 390 506 Circuit
428 451 782 520 avulsumque
822 449 998 503 ferens
1038 449 1096 502 in
1137 467 1304 519 opaca
1342 449 1548 519 refugit

183 525 412 595 Templa
450 525 558 594 dei;
597 524 686 577 hic
725 541 925 594 magno
964 523 1214 577 tellurem
1253 523 1487 593 pondere
1527 542 1745 578 mensus

182 598 573 670 Implorantem
614 598 851 651 animam
890 597 1126 651 dominis
1167 597 1424 651 adsibilat
1462 598 1582 651 aris,

179 673 347 727 Illum
387 676 442 727 et
481 674 744 743 cognatae
785 674 980 740 stagna
1018 672 1361 740 indignantia
1398 670 1629 739 Lernae,

180 747 431 801 Floribus
472 746 742 809 et,vernis
784 745 1039 798 adsuetae
1079 763 1338 816 spargere
1377 745 1688 814 Nymphae,
1788 759 1874 799 580

182 820 258 876 Et
296 819 528 875 Nemees
567 823 813 889 reptatus
855 837 1006 890 ager,
1045 820 1303 889 lucosque
1342 837 1440 888 per
1480 838 1665 873 omnes

183 893 470 949 Silvicolae
508 894 684 948 fracta
724 894 1011 964 gemuistis
1050 894 1372 963 harundine,
1411 893 1600 947 Fauni.

179 969 305 1040 Ipse
344 968 508 1022 etiam
549 987 577 1021 e
618 987 828 1022 summa
866 969 975 1020 iam
1012 969 1124 1021 tela
1161 971 1487 1037 poposcerat
1526 968 1717 1021 aethra

179 1043 450 1113 Iuppiter,
490 1045 544 1095 et
583 1042 782 1095 dudum
821 1042 1098 1112 nimbique
1137 1042 1451 1111 hiemesque
1491 1043 1732 1112 coibant,

179 1116 254 1172 Ni
292 1117 474 1170 minor
512 1117 596 1169 ira
636 1116 735 1170 deo
776 1117 1133 1186 gravioraque
1171 1117 1282 1169 tela
1320 1116 1516 1170 mereri
1787 1127 1873 1170 585

183 1189 440 1245 Servatus
481 1188 785 1260 Capaneus3
826 1191 963 1244 moti
1001 1194 1184 1244 tamen
1223 1209 1356 1244 aura
1395 1191 1632 1245 cucurrit

180 1264 445 1319 Fulminis
486 1268 542 1318 et
581 1283 821 1318 summas
861 1261 1057 1318 libavit
1096 1265 1295 1318 vertice
1336 1265 1543 1318 cristas.

257 1338 482 1408 Iamque
522 1340 815 1408 pererratis
855 1338 1042 1391 infelix
1081 1338 1308 1392 Lemnia
1349 1339 1576 1408 campiS,

181 1411 346 1466 Liber
383 1414 445 1464 ut
484 1429 660 1482 angue
698 1413 873 1481 locus,
912 1412 1122 1465 modico
1165 1430 1326 1482 super
1367 1429 1564 1483 aggere
1604 1413 1767 1483 longe

181 1485 398 1540 Pallida
438 1486 750 1555 sanguineis
790 1486 1019 1539 infectas
1059 1486 1273 1539 roribus
1312 1485 1511 1539 herbas
1791 1497 1877 1540 590

182 1559 467 1630 Prospicit.
544 1558 667 1614 Huc
706 1577 906 1630 magno
947 1578 1163 1613 cursum
1201 1560 1347 1629 rapit
1386 1559 1551 1613 effera
1588 1560 1738 1613 luctu
1803 1627 1808 1630 Ι

182 1634 561 1704 Agnoscitque
599 1633 752 1687 nefas
762 1675 775 1703 ,
813 1636 1096 1704 terraeque
1135 1634 1300 1687 inlisa
1338 1633 1556 1687 nocenti

181 1707 450 1761 Fulminis
489 1709 547 1760 in
586 1726 793 1761 morem
831 1726 942 1762 non
980 1709 1146 1761 verba
1185 1708 1242 1760 in
1281 1707 1468 1761 funere
1507 1708 1707 1777 primo,

181 1781 308 1836 Non
346 1782 598 1835 lacrimas
637 1782 828 1835 habet:
868 1782 1171 1852 ingeminat
1210 1781 1409 1835 misera
1446 1781 1633 1835 oscula
1663 1784 1878 1835 tantum

184 1855 509 1909 Incumbens
535 1856 851 1924 animaeque
873 1854 1063 1925 fugam
1086 1873 1184 1923 per
1208 1856 1452 1908 membra
1474 1858 1752 1924 tepentem
1792 1868 1877 1909 595

185 1928 410 1992 Quaerit
447 1929 622 1982 hians,
697 1928 825 1982 Non
865 1946 961 1981 ora
999 1929 1139 1998 loco,
1178 1947 1288 1982 non
1326 1932 1550 1997 pectora
1587 1931 1818 1998 restant,

183 2002 366 2073 Rapta
407 2003 569 2072 cutiS,
609 2002 798 2056 tenuia
837 2020 962 2055 ossa
999 2006 1190 2072 patent
1228 2020 1508 2072 nexusque
1547 2002 1826 2056 madentes

185 2074 479 2147 Sanguinis
518 2077 694 2130 imbre
733 2076 883 2145 novi,
923 2079 1208 2147 totumque
1250 2076 1306 2129 in
1343 2076 1564 2130 vulnere
1605 2094 1815 2147 corpus.

183 2149 264 2205 Ac
303 2151 454 2204 velut
495 2151 733 2222 aligerae
774 2150 955 2203 sedem
993 2150 1244 2220 fetusque
1283 2151 1526 2220 parentis

185 2222 323 2279 Cum
362 2225 520 2296 piger
558 2225 816 2278 umbrosa
854 2225 1149 2295 populatus
1190 2225 1246 2277 in
1285 2225 1407 2278 ilice
1448 2243 1691 2295 serpenS,
1792 2239 1877 2279 600

314 2403 413 2444 585.
450 2399 779 2456 ‘gravioraque
812 2402 846 2446 t.
878 2400 1066 2444 mereri'
1103 2400 1275 2447 schol.
1308 2399 1452 2446 Theb.
1486 2401 1506 2444 I
1538 2405 1595 2445 45
1627 2416 1672 2458 p.
1706 2406 1734 2445 4
1764 2399 1814 2446 L.

310 2551 396 2591 574
427 2544 612 2602 Figitur
641 2547 781 2591 hasta
803 2552 918 2590 PTI.
952 2549 1056 2591 asta
1081 2552 1115 2590 G
1147 2549 1254 2591 acta
1277 2548 1501 2593 Heinsius
1523 2550 1538 2605 ΙΙ
1563 2553 1648 2593 577
1673 2546 1876 2603 Templa.

188 2604 362 2651 dehinc
402 2619 575 2662 magno
607 2611 796 2663 propter
837 2607 1039 2651 elisiouis
1078 2609 1366 2664 asperitatem
1397 2608 1587 2653 coniecit
1629 2607 1879 2652 Muellerus

186 2669 358 2723 quaest.
392 2679 441 2722 p.
483 2668 565 2719 16,
603 2665 681 2709 sed
711 2666 767 2720 cf.
810 2666 879 2709 II
904 2670 997 2711 458
1037 2665 1115 2710 VI
1141 2670 1249 2713 206.
1283 2669 1379 2711 229
1409 2671 1451 2712 et
1489 2681 1603 2723 quae
1641 2666 1879 2711 adnotavit

183 2725 248 2769 H.
282 2723 521 2781 Klappius
560 2724 613 2767 iu
646 2736 804 2780 μαργ.
839 2725 1042 2770 Posnwn.
1076 2730 1203 2770 1868
1235 2740 1284 2782 p.
1318 2730 1379 2770 16
1417 2739 1589 2781 magno
1621 2725 1697 2768 hic
1728 2724 1877 2769 Baeh-

184 2785 366 2830 reusius
388 2785 404 2840 ΙΙ
427 2786 512 2827 582
539 2781 689 2841 fracte
707 2786 740 2825 P
761 2784 778 2840 ΙΙ
802 2787 887 2828 583
907 2797 931 2827 e
957 2797 1138 2827 summa
1153 2785 1343 2827 PGH-’811
1364 2783 1622 2829 Gronovius
1647 2796 1675 2827 a
1699 2797 1881 2827 summa

188 2856 227 2888 π
253 2845 570 2886 summam-H
585 2841 696 2886 Beh.
726 2843 733 2898 Ι
759 2843 859 2886 tam
881 2842 980 2887 tela
1002 2847 1035 2885 P
1059 2844 1074 2899 ss
1098 2847 1183 2887 593
1208 2843 1258 2887 in
1280 2843 1472 2887 vulnere
1496 2843 1732 2887 Bentleius
1755 2843 1769 2899 ΙΙ
1794 2846 1876 2888 597

188 2901 370 2960 tenuia]
410 2903 465 2957 cf.
510 2900 587 2945 VI
614 2904 702 2946 181
741 2901 861 2944 ΧΙΙ
886 2906 918 2948 2
951 2901 1060 2947 Silv.
1096 2903 1130 2945 I
1159 2906 1200 2956 4,
1234 2906 1294 2947 36
