2008 3198
235 242 302 295 18
814 241 863 286 Ρ.
896 240 1125 286 ΡΑΡΙΝΠ
1156 238 1350 285 STATII

236 362 446 417 Celsior
485 363 580 415 ille
620 362 791 432 gradu
828 380 1052 431 procera
1090 362 1145 414 in
1184 361 1428 414 membra
1467 361 1735 431 simulque

229 436 450 506 Integer
491 455 776 505 annorum,
817 436 910 489 sed
949 455 1061 488 non
1101 439 1156 488 et
1193 435 1399 488 viribus
1438 435 1580 488 infra
1814 448 1923 489 ‘415

231 510 418 580 Tydea
458 511 565 563 fert
605 511 840 579 animus,
878 513 1134 579 totosque
1173 509 1355 580 infusa
1391 527 1488 578 per
1526 511 1676 563 artus

228 584 405 638 Maior
443 584 501 637 in
541 585 737 653 exiguo
776 585 1046 653 regnabat
1084 602 1308 652 corpore
1347 584 1536 637 virtus,

226 659 345 711 Iam
386 658 601 711 crebros
640 659 779 711 ictus
822 677 917 712 ora
956 662 1010 710 et
1049 676 1181 711 cava
1219 661 1466 727 tempora
1505 657 1707 710 circum

230 732 430 785 Obnixi
468 732 832 802 ingeminant,
870 733 1106 785 telorum
1145 736 1238 785 aut
1279 731 1558 801 grandinis
1598 732 1773 784 instar

226 805 568 876 Rhiphaeae,
606 807 852 875 flexoque
894 823 1036 876 genu
1075 824 1244 859 vacua
1282 807 1381 859 ilia
1418 805 1670 859 tundunt.
1831 818 1919 860 420

225 880 354 934 Non
395 881 556 933 aliter
595 899 755 950 quam
794 880 989 933 Pisaeo
1032 899 1129 932 sua
1167 881 1341 932 lustra
1380 879 1615 933 Tonanti

226 952 363 1007 Cum
401 954 626 1007 redeunt
666 954 948 1023 crudisque
988 954 1164 1007 virum
1204 954 1489 1007 sudoribus
1530 953 1684 1006 ardet

223 1028 434 1099 Pulvis;
469 1031 526 1081 at
564 1028 691 1081 hinc
728 1032 945 1081 teneros
987 1046 1178 1081 caveae
1218 1028 1491 1081 dissensus
1532 1027 1769 1096 ephebos

226 1101 503 1170 Concitat,
545 1104 895 1171 exclusaeque
937 1105 1225 1170 expectant
1263 1102 1505 1171 praemia
1543 1104 1768 1155 matres:

225 1175 312 1229 Sic
352 1177 557 1229 alacres
599 1176 722 1229 odio
761 1177 1017 1245 nullaque
1059 1176 1307 1246 cupidine
1348 1176 1522 1228 laudis
1803 1188 1917 1230 ‘425

223 1249 456 1303 Accensi
496 1251 805 1320 incurrunt,
846 1253 1119 1303 scrutatur
1158 1253 1212 1303 et
1251 1250 1445 1303 intima
1482 1250 1663 1303 vultus

222 1322 379 1376 Unca
417 1342 609 1377 manus
648 1325 969 1394 penitusque
1009 1324 1180 1377 oculis
1221 1324 1533 1377 cedentibus
1572 1323 1759 1376 intrat.

219 1397 427 1450 Forsan
468 1401 521 1451 et
560 1399 830 1452 accinctos
870 1399 1031 1451 lateri
1080 1396 1182 1469 (sic
1221 1399 1307 1450 ira
1344 1395 1580 1468 ferebat)

218 1470 532 1525 Nudassent
573 1490 749 1541 enses,
789 1472 1089 1540 meliusque
1128 1472 1420 1525 hostilibus
1461 1471 1625 1524 armis

218 1544 505 1615 Lugendus
548 1546 726 1615 fratri,
766 1547 973 1599 iuvenis
1014 1546 1291 1615 Thebane,
1330 1546 1555 1613 iaceres,
1824 1557 1912 1598 430
1996 1558 1999 1562 ⁴

217 1618 291 1672 Ni
329 1638 447 1688 reX,
487 1620 770 1672 insolitum
811 1621 1101 1673 clamorem
1142 1623 1195 1671 et
1225 1623 1444 1688 pectore
1478 1619 1545 1671 ab
1586 1619 1696 1672 alto

218 1691 522 1746 Stridentes
564 1694 797 1762 gemitus
837 1694 1015 1746 noctis
1056 1694 1284 1745 miratus
1325 1695 1383 1746 in
1420 1693 1651 1761 umbriS,

215 1765 477 1819 Movisset
517 1783 760 1836 gressus,
799 1768 1014 1836 magnis
1056 1767 1141 1819 cui
1182 1767 1366 1819 saucia
1405 1766 1546 1819 curis

216 1839 494 1893 Pendebat
534 1859 722 1893 somno
762 1841 872 1892 iam
913 1841 1177 1893 deteriore
1219 1843 1480 1893 senectus

214 1913 374 1983 Isque
414 1914 507 1966 ubi
546 1915 899 1984 progrediens
937 1933 1226 1967 numerosa
1266 1915 1383 1967 luce
1422 1932 1519 1983 per
1559 1914 1672 1966 alta
1820 1927 1910 1968 435
1987 1952 1990 1983 3

216 1989 376 2040 Atria
417 1988 639 2041 dimotis
681 1989 906 2042 adverso
938 1989 1124 2041 limine
1165 1988 1415 2041 claustris

215 2061 536 2114 Terribilem
577 2063 723 2116 dictu
763 2062 977 2132 faciem,
1018 2063 1197 2115 lacera
1237 2081 1331 2116 ora
1361 2065 1656 2130 putresque

215 2133 525 2205 Sanguineo
567 2137 715 2190 videt
754 2137 925 2188 imbre
966 2153 1156 2205 genas:
1197 2135 1372 2197 ‘Quae
1412 2153 1573 2187 causa
1610 2133 1832 2203 furoriS,

212 2208 440 2261 Externi
479 2210 697 2263 iuvenes
748 2208 945 2279 (neque
987 2210 1130 2262 enim
1170 2228 1319 2262 meus
1362 2209 1556 2261 audeat
1592 2208 1728 2261 istas

328 2610 414 2649 415
447 2619 532 2649 nec
565 2619 660 2649 non
692 2607 739 2649 et
771 2607 917 2650 Prisc.
951 2609 966 2661 ΙΙ
998 2611 1083 2650 416
1115 2607 1243 2650 totos
1282 2605 1520 2659 BG²rbep
1550 2604 1663 2650 Βοὴ.
1699 2603 1855 2649 Petav.
1888 2604 1906 2662 Η

206 2668 296 2708 422
330 2663 534 2708 reddunt
564 2663 766 2707 BG2rbc
789 2667 804 2721 ss
828 2670 914 2709 427
947 2665 1094 2710 intrat
1123 2670 1156 2707 P
1217 2664 1366 2708 instat
1396 2667 1484 2706 ΒΜ
1507 2665 1605 2709 edd.
1630 2665 1648 2720 ΙΙ
1669 2667 1756 2708 428
1780 2662 1904 2706 fure·
1965 2652 1986 2721 ἶ

207 2724 292 2767 bat
333 2723 642 2769 Baehrensius
674 2725 689 2780 ΙΙ
720 2729 804 2768 433
850 2723 1010 2768 saucia
1047 2725 1372 2768 Lachmannus
1413 2721 1571 2767 sobria
1608 2722 1734 2768 codd.
1766 2722 1782 2778 ΙΙ
1813 2725 1900 2765 435

207 2795 458 2827 nemorosa
489 2783 848 2828 Friesemannus
878 2785 893 2840 ss
925 2787 1012 2828 436
1045 2782 1242 2827 demotis
1274 2782 1440 2825 BG²cr
1469 2784 1485 2839 n
1515 2786 1601 2826 439
1628 2794 1694 2836 sq.
1727 2779 1905 2824 audeat

206 2841 303 2885 ista
336 2840 452 2886 civis
487 2843 536 2886 et
567 2840 781 2885 Inachius
818 2843 1038 2888 Menkius
1083 2841 1255 2886 audeat
1285 2840 1353 2885 ire
1385 2841 1686 2886 Burmannus
1729 2838 1904 2883 audeat

205 2899 318 2944 istic
366 2902 434 2946 vel
476 2900 598 2945 istac
641 2901 875 2946 Ha‘nclius.
940 2902 1018 2958 Ad
1057 2902 1323 2947 locutionem
1363 2899 1533 2944 audere
1563 2899 1613 2942 in
1643 2911 1809 2942 manus
1842 2899 1902 2953 cf.

216 2959 347 3018 Very.
383 2961 497 3007 Aen.
531 2961 601 3003 II
631 2963 721 3005 347

331 2359 417 2398 415
446 2370 511 2410 sq.
559 2356 664 2398 ‘nec
703 2368 798 2398 non
839 2356 886 2399 et
918 2379 973 2387 —
1008 2354 1209 2398 animus’
1252 2353 1524 2398 Priscian.
1567 2352 1655 2396 VII
1688 2357 1735 2408 5,
1772 2358 1826 2398 16
1858 2369 1903 2411 p.
1971 2326 1985 2389 ³⁷-

212 2418 297 2456 299
331 2413 388 2458 H.
424 2441 478 2446 —
513 2419 613 2458 417.
659 2413 828 2457 ‘maior
860 2440 915 2446 —
948 2413 1116 2458 virtus'
1161 2414 1308 2458 Serv.
1352 2413 1412 2456 ad
1444 2411 1611 2468 Georg.
1646 2411 1711 2456 IV
1743 2417 1814 2458 83.
1850 2439 1904 2445 -—

210 2477 310 2515 434.
349 2473 607 2528 ‘pendebat
632 2499 686 2505 —
714 2474 947 2529 senectus’
982 2473 1167 2517 Acron
1207 2473 1267 2516 ad
1298 2471 1460 2516 Horat.
1494 2485 1633 2515 carm.
1668 2471 1710 2515 II
1745 2477 1820 2528 11,
1862 2476 1913 2538 8.-
1970 2471 1993 2520 Ῑί

1959 2878 1979 2929 Ξ

1955 2940 1977 2972 s

1946 3068 1950 3075 .

1944 3095 1947 3105 1

1934 2972 1975 3198 ,ᾖ

1971 2734 1983 2750 ,⁴

1971 2771 1980 2794 ,ξι

1971 2802 1981 2814 ,-

1970 2830 1977 2838 ,

1967 2845 1979 2864 ,ἲ

1970 2866 1979 2875 x

1974 2889 1978 2897 k

1967 3104 1970 3111 l
