2008 3198
187 319 253 353 305

179 690 251 724 310

183 1059 246 1093 315

183 1429 251 1463 320

185 1800 250 1833 325

273 188 347 242 44
836 188 887 236 Ρ.
919 188 1149 233 ΡΑΡΙΝΠ
1181 186 1381 233 STATII

277 309 563 380 Argolicas
604 309 879 379 quaesitus
920 309 1018 363 eo.'
1098 307 1184 362 Sic
1225 326 1377 363 orsus
1417 311 1472 362 et
1511 308 1637 362 alno

272 383 490 437 Insiluit
527 384 848 453 penitusque
886 387 1017 437 noto
1058 382 1315 436 stridente
1354 381 1672 452 propinquis
1904 395 1962 436 20

277 458 561 527 Abripitur
599 458 783 511 terris:
824 460 878 509 et
915 458 1026 510 iam
1067 457 1234 510 ardua
1273 457 1465 510 ducere
1503 456 1676 510 nubes

271 531 472 600 Incipit
512 534 567 584 et
604 532 769 601 longo
811 529 1007 600 Scyros
1050 531 1320 584 discedere
1359 532 1544 600 ponto.

424 606 593 659 Turre
630 605 820 675 procul
859 623 1070 658 summa
1106 604 1347 658 lacrimis
1387 605 1646 658 comitata
1683 621 1931 658 sororum

276 677 744 749 Commissumque
760 683 952 733 tenens
978 683 1032 732 et
1054 679 1346 732 habentem
1369 678 1592 731 nomina
1606 676 1874 747 Pyrrhum

273 753 551 807 Pendebat
590 754 824 806 coniunx
862 754 1139 823 oculisque
1179 753 1238 806 in
1277 753 1505 806 carbasa
1541 751 1666 805 fixis
1903 763 1960 804 25

272 826 398 880 Ibat
437 830 492 880 et
530 828 651 897 ipsa
688 827 853 897 freto,
895 831 954 894 et,
985 846 1223 897 puppem
1262 827 1373 880 iam
1412 826 1529 879 sola
1565 825 1798 879 videbat.

271 900 375 954 Ille
417 920 628 971 quoque
669 901 917 971 obliquos
961 901 1159 954 dilecta
1198 901 1266 954 ad
1305 901 1522 953 moenia
1560 900 1741 953 vultus

273 975 527 1028 Declinat
566 975 889 1045 viduamque
930 975 1151 1029 domum
1190 975 1530 1045 gemitusque
1569 973 1788 1026 relictae

275 1047 519 1119 Cogitat:
561 1049 802 1102 occultus
844 1050 941 1102 sub
984 1049 1141 1102 corde
1182 1048 1481 1101 renascitur
1521 1047 1679 1100 ardor

273 1122 487 1194 Datque
527 1124 708 1176 locum
745 1124 934 1176 virtus,
1013 1122 1191 1178 Sentit
1229 1122 1478 1175 Laertius
1518 1121 1676 1174 heros
1900 1133 1958 1173 30

272 1196 605 1250 Maerentem
645 1201 699 1250 et
738 1197 965 1265 placidis
1000 1197 1286 1266 adgressus
1325 1197 1539 1249 flectere
1579 1193 1760 1248 dictis:

275 1269 461 1326 ‘Tene’
509 1271 707 1340 inquit,
749 1270 996 1341 ‘magnae
1035 1273 1283 1324 vastator
1322 1270 1503 1322 debite
1541 1268 1748 1338 Troiae,

275 1344 446 1407 Quem
484 1344 707 1398 Danaae
748 1346 970 1414 classes,
1009 1363 1166 1414 quem
1207 1344 1391 1397 divum
1422 1342 1640 1396 oracula
1678 1343 1932 1412 poscunt,

272 1418 636 1489 Erectumque
676 1421 859 1472 manet
897 1421 1138 1471 reserato
1178 1419 1237 1471 in
1275 1417 1461 1470 limine
1499 1416 1726 1485 bellum,

275 1490 487 1546 Callida
524 1492 758 1547 femineo
798 1493 1047 1563 genetrix
1085 1492 1310 1545 violavit
1349 1491 1551 1544 amictu
1906 1501 1964 1542 35

274 1565 666 1637 Commisitque
704 1567 814 1620 illis
853 1569 967 1619 tam
1007 1566 1238 1636 grandia
1275 1565 1423 1618 furta
1460 1562 1687 1616 latebris

275 1640 627 1710 Speravitque
665 1640 864 1694 fidem?
939 1639 1118 1693 Nimis
1158 1659 1188 1693 o
1230 1656 1493 1707 suspensa
1529 1637 1798 1706 nimisque

273 1714 468 1768 Mater!
511 1734 581 1767 an
617 1714 751 1766 haec
790 1714 959 1767 tacita
997 1713 1168 1766 virtus
1209 1714 1453 1781 torperet
1492 1711 1550 1764 in
1587 1710 1803 1780 umbra,

275 1787 424 1850 Quae
463 1789 551 1841 vix
594 1787 778 1840 audito
817 1787 939 1840 litui
979 1787 1231 1857 clangore
1268 1785 1472 1855 refugit

273 1861 349 1914 Et
387 1862 587 1915 Thetin
625 1864 679 1914 et
718 1861 943 1915 comites
986 1864 1039 1914 et
1078 1878 1211 1930 quos
1252 1860 1627 1929 suppresserat
1664 1857 1856 1927 ignes?
1909 1870 1968 1911 40

273 1936 388 1990 Nec
426 1938 675 1990 nostrum
716 1939 812 2005 est,
861 1935 1004 2005 quod
1043 1935 1102 1987 in
1142 1953 1293 1987 arma
1330 1933 1483 1986 venis
1524 1931 1868 2001 sequerisque

1341 2009 1648 2076 precantes:

395 2175 450 2215 21
484 2170 719 2227 Arripitur
751 2174 878 2212 PGH
914 2170 921 2229 1
960 2169 1127 2214 ducere
1159 2167 1306 2211 nubes
1337 2170 1370 2207 P
1421 2166 1489 2209 ita
1511 2164 1677 2221 scripsi
1706 2164 1805 2210 coll.
1837 2163 1968 2223 Verq-

1099 2236 1266 2261 0188001'0

276 2273 379 2317 Ecz.
414 2276 457 2326 9,
488 2276 549 2317 49
581 2286 767 2318 cernere
799 2274 944 2318 nubes
977 2272 1034 2315 0²
1081 2284 1267 2317 cernere
1302 2269 1448 2314 nubes
1479 2273 1537 2310 Pe
1576 2280 1781 2312 crescere
1817 2268 1965 2313 nubes

276 2333 407 2376 Leid.
426 2336 470 2374 Μ
493 2334 509 2389 11
533 2336 587 2376 22
623 2334 671 2376 et
692 2333 833 2389 longo
853 2332 1020 2389 Scyros
1043 2335 1142 2375 PPc
1184 2331 1232 2375 et
1256 2329 1422 2386 Scyros
1453 2328 1594 2383 longo
1620 2325 1722 2368 <³0²
1752 2326 1884 2372 Leid.
1918 2328 1967 2372 et

277 2390 443 2447 Scyros
475 2392 614 2448 longe
644 2395 690 2433 M
717 2392 724 2449 1
751 2391 990 2435 discedere
1021 2394 1104 2433 Δ6
1143 2389 1407 2433 decrescere
1424 2386 1552 2430 Leid.
1591 2389 1638 2428 u
1659 2386 1674 2443 11
1700 2389 1759 2429 24
1791 2385 1967 2431 Coffiis-

277 2464 469 2506 sumque
512 2455 546 2493 P
602 2450 965 2506 Confessumque
1019 2450 1151 2494 ceteri
1172 2450 1188 2505 11
1211 2452 1267 2492 25
1315 2445 1558 2490 Tendebat
1589 2443 1647 2486 (3²
1683 2445 1700 2501 11
1744 2449 1801 2489 26
1846 2443 1916 2489 fre

276 2513 309 2551 1²
350 2508 521 2553 fretum
552 2509 730 2552 PcG²M
749 2525 759 2533 s
779 2509 950 2553 fretum
976 2510 1024 2553 et
1055 2507 1225 2552 nubem
1256 2506 1351 2550 iam
1384 2504 1485 2549 sola
1514 2503 1708 2548 videbat
1733 2503 1964 2560 MeukiuS,

276 2568 377 2612 sola
416 2569 728 2613 accusativum
772 2569 946 2624 yeueris
994 2567 1202 2611 neutrius
1249 2578 1338 2610 esse
1368 2568 1545 2620 putans
1585 2564 1593 2619 1
1635 2561 1743 2606 Ibat
1779 2564 1828 2606 et
1862 2561 1966 2619 ipsa

274 2627 408 2681 freto,
443 2628 491 2671 et
520 2640 726 2684 puppem
755 2627 848 2671 iam
881 2627 983 2671 sola
1012 2625 1206 2671 videbat
1233 2624 1399 2680 scripsi
1421 2624 1436 2679 11
1460 2627 1516 2666 30
1549 2620 1692 2666 sentit
1712 2623 1797 2663 ΡΠ
1819 2619 1966 2664 sensit

274 2687 407 2731 ceteri
442 2687 450 2742 1
485 2691 539 2731 31
565 2686 848 2730 Haerentem
881 2689 1010 2728 GHD
1043 2685 1323 2730 Schraderus
1352 2683 1369 2738 ΙΙ
1399 2686 1457 2726 34
1497 2682 1704 2726 reserato
1733 2679 1784 2723 in
1813 2678 1963 2723 limite

274 2749 309 2787 P
340 2746 544 2790 reserato
574 2745 624 2789 in
651 2744 813 2789 limine
837 2749 894 2787 Po
910 2744 1020 2787 0²11
1061 2745 1264 2787 reserato
1288 2740 1448 2785 limine
1471 2741 1569 2787 edd.
1593 2741 1609 2795 11
1632 2742 1688 2782 35
1712 2736 1909 2782 violavit
1930 2740 1964 2780 1·

281 2805 339 2859 cf.
366 2804 501 2849 1511
533 2804 665 2849 Theb.
683 2804 718 2846 I
738 2807 828 2848 149
843 2817 905 2859 sq.
947 2802 1124 2848 velavit
1154 2802 1287 2846 ceteri
1308 2802 1324 2857 11
1348 2805 1404 2845 36
1428 2799 1537 2843 ullis
1577 2797 1635 2840 G'
1671 2797 1688 2853 11
1725 2801 1781 2841 37
1824 2795 1962 2840 nimis

273 2877 497 2920 suspensa
527 2867 561 2906 Ρ
605 2862 750 2907 nimio
782 2875 1004 2919 suspensa
1034 2860 1121 2919 <3211
1144 2863 1199 2905 38
1231 2859 1380 2905 tacita
1410 2858 1556 2903 virtus
1595 2859 1782 2899 PPoGn
1827 2855 1963 2899 tanta

274 2921 420 2967 virtus
453 2922 512 2964 (3²
551 2921 698 2966 virtus
729 2920 876 2966 tacita
907 2922 1004 2966 edd.
