2008 3198
692 180 1032 227 THEBAIDOS
1064 179 1174 225 LIB.
1209 180 1264 225 V.
1716 177 1852 230 125'

131 306 359 372 Quaerit
397 308 453 359 et
488 305 715 375 indigno
754 322 866 357 non
906 302 1071 356 solvit
1108 300 1363 355 bracchia
1402 299 1556 354 collo,

129 380 260 435 Non
298 396 400 451 ego
437 397 581 433 nunc
621 377 774 449 vulgi
813 393 1140 448 quamquam
1179 374 1418 429 crudelia
1455 372 1690 443 pandam

130 454 369 524 Funera,
408 454 501 507 sed
539 452 762 522 propria
798 452 977 505 luctus
1018 450 1082 503 de
1122 450 1292 518 stirpe
1330 447 1604 509 recordor:

132 528 288 592 Quod
326 532 403 596 te,
440 528 577 580 flave
617 525 826 595 Cydon,
865 524 1007 594 quod
1044 527 1100 576 te
1138 541 1235 592 per
1273 522 1417 576 colla
1453 521 1648 574 refusis
1736 532 1825 573 220

131 602 430 671 Intactum,
470 600 730 670 Crenaee,
770 599 938 652 comis
979 595 1198 668 (quibus
1237 596 1405 649 ubera
1444 613 1655 648 mecum

133 675 538 745 obliquumque
570 694 601 728 a
629 677 785 743 patre
825 672 1019 742 genus)
1059 671 1385 739 fortemque,
1423 669 1686 721 timebam

134 749 306 813 Quem
347 749 635 818 desponsa,
675 746 836 816 Gyan
873 745 986 799 vidi
1025 745 1239 813 lapsare
1279 746 1533 796 cruentae

133 823 373 877 Vulnere
412 822 806 891 Myrmidones,
847 819 1097 890 quodque
1136 819 1279 870 inter
1319 820 1464 870 serta
1503 821 1758 885 torosque
1854 877 1865 885 ·

132 895 379 950 Barbara
418 897 693 950 ludentem
732 894 975 948 fodiebat
1013 892 1240 962 Epopea
1279 894 1468 944 mater.
1739 900 1825 941 225

85 1014 96 1024 .
132 970 258 1024 Flet
297 989 456 1041 super
496 987 826 1040 aequaevum
868 986 1020 1022 soror
1061 969 1337 1020 exarmata
1374 964 1607 1034 Lycaste

133 1043 421 1114 Oydimon,
459 1044 565 1097 heu
604 1044 806 1097 similes
846 1042 1088 1112 perituro
1126 1040 1184 1092 in
1223 1056 1447 1108 corpore
1485 1039 1670 1091 vultus

134 1117 418 1188 Aspiciens
457 1118 755 1188 floremque
795 1133 967 1186 genae
1006 1118 1061 1174 et
1099 1133 1232 1184 quas
1271 1114 1504 1166 finxerat
1542 1129 1673 1165 auro

133 1191 264 1261 Ipsa
302 1209 500 1262 comas,
539 1209 862 1245 cumsaeva
899 1207 1094 1259 parens
1135 1189 1245 1241 iam
1285 1187 1511 1255 coniuge
1550 1186 1671 1238 fuso

136 1265 368 1319 Adstitit
406 1266 749 1336 impellitque
788 1265 951 1317 minis
996 1266 1157 1333 atque
1196 1261 1388 1314 inserit
1428 1278 1625 1313 ensem.
1743 1271 1830 1310 230

134 1339 215 1393 Ut
252 1339 390 1407 fera,
430 1358 566 1409 quae
605 1340 813 1392 rabiem
852 1336 1068 1406 placido
1109 1336 1332 1388 desueta
1370 1334 1634 1404 magistro

138 1412 367 1466 Tardius
407 1431 559 1466 arma
597 1416 781 1466 movet
821 1411 1162 1479 stimulisque
1203 1411 1258 1462 et
1295 1409 1518 1461 verbere
1557 1406 1744 1460 crebro

135 1485 202 1539 In
239 1504 417 1539 mores
455 1490 621 1556 negat
658 1487 735 1538 110
776 1502 922 1551 01100,
965 1484 1042 1536 sic
1079 1483 1176 1535 illa
1214 1481 1413 1535 iacenti

137 1559 337 1613 Incidit
374 1560 773 1629 undantemque
814 1559 937 1612 sinu
975 1557 1232 1626 conlapsa
1260 1573 1515 1608 *cruorem

137 1632 360 1704 Excipit
399 1636 454 1686 et
491 1635 698 1687 laceros
736 1632 935 1702 premit
972 1631 1030 1684 in
1066 1648 1211 1684 nova
1249 1630 1473 1683 vulnera
1511 1628 1702 1680 crines.
1744 1638 1831 1679 235

137 1705 217 1760 Ut
254 1725 381 1761 vero
421 1707 736 1762 Alcimeden
775 1707 1083 1759 etiamnunc
1120 1721 1395 1756 murmure
1432 1705 1627 1755 trunco

137 1779 301 1834 Ferre
340 1782 510 1850 patris
549 1781 728 1835 vultus
769 1784 824 1833 et
863 1782 1114 1849 egentem
1154 1777 1438 1848 sanguinis
1479 1793 1662 1829 ensem

141 1851 438 1923 Conspexi,
476 1855 691 1923 riguere
730 1871 916 1906 comae
955 1856 1117 1920 atque
1156 1852 1213 1903 in
1251 1851 1460 1904 viscera
1500 1866 1692 1902 saevus

143 1927 355 1980 Horror
393 1928 482 1980 iit:
523 1946 673 1981 meus
711 1927 806 1979 ille
841 1926 1044 1992 Thoas,
1083 1942 1205 1976 mea
1243 1924 1362 1976 dira
1393 1923 1565 1976 videri

140 2000 347 2054 Dextra
386 2001 543 2053 mihi!
599 2000 893 2069 Extemplo
925 1997 1183 2051 thalamis
1216 1997 1437 2049 turbata
1467 1994 1712 2064 paternis
1747 2006 1835 2047 240

141 2074 365 2127 Inferor.
440 2074 541 2127 Ille
582 2075 797 2145 quidem
836 2072 1036 2126 dudum
1075 2071 1220 2142 (quis
1261 2087 1461 2140 magna
1498 2069 1676 2123 tuenti

142 2145 435 2218 SomnusP)
478 2149 594 2218 agit
630 2165 854 2202 versans
896 2164 1099 2214 secum,
1140 2144 1245 2198 etsi
1283 2145 1398 2197 lata
1434 2143 1658 2197 recessit

142 2220 293 2275 Urbe
331 2221 522 2275 domus
532 2264 546 2291 ,
588 2223 804 2293 quinam
842 2220 1121 2289 strepitus,
1162 2236 1298 2289 quae
1331 2235 1607 2270 murmura
1637 2216 1814 2270 noctis
1824 2257 1838 2285 ,

144 2292 255 2347 Cur
294 2295 638 2350 fremibunda
676 2295 864 2366 quies?
927 2293 1160 2363 Trepido
1202 2292 1375 2346 scelus
1415 2292 1600 2346 ordine
1638 2290 1838 2360 pandO,

266 2485 351 2525 221
393 2495 557 2544 0101100
595 2488 695 2527 Prb
734 2486 750 2541 ΙΙ
786 2487 875 2528 224
909 2481 1226 2540 myrmidones
1257 2486 1291 2524 P
1322 2480 1629 2539 myrmidonis
1660 2481 1794 2526 ceteri

148 2553 377 2596 quemque
422 2543 527 2587 mal.
579 2541 839 2589 Gronovius
884 2544 900 2599 ΙΙ
945 2547 1032 2587 228
1078 2540 1243 2585 fixerat
1276 2545 1309 2583 P
1346 2541 1500 2599 (apud
1549 2541 1836 2592 Muellerum,

146 2658 350 2715 equidem
398 2659 518 2703 nihil
562 2660 805 2715 adnotavi)
848 2666 881 2703 Τ
923 2659 1106 2704 vixerat
1144 2663 1185 2701 Η
1230 2660 1246 2716 ΙΙ
1288 2663 1374 2703 230
1420 2658 1587 2703 inserit
1624 2663 1656 2700 P
1690 2657 1728 2714 γ.
1769 2655 1837 2699 111-

146 2717 271 2784 gerit
299 2721 332 2759 P
369 2730 511 2783 πτωρ.
550 2719 566 2774 ΙΙ
604 2722 685 2762 231
735 2718 915 2763 rabiem
960 2717 1149 2777 placido
1187 2722 1265 2760 PG
1318 2717 1450 2762 rabie
1491 2716 1677 2773 placido
1724 2715 1837 2759 Belo.

147 2775 338 2833 placido
381 2776 561 2820 rab1em
591 2776 782 2821 nostem
818 2779 834 2835 fl
872 2783 958 2823 232
997 2780 1043 2821 ct
1081 2791 1165 2821 om.
1196 2781 1229 2819 P
1267 2778 1283 2833 ΙΙ
1321 2782 1408 2822 236
1448 2776 1631 2820 alciden
1662 2779 1694 2816 P
1726 2772 1838 2818 alci-

147 2834 318 2879 medon
356 2835 465 2880 Beh.
511 2837 518 2891 Ι
560 2834 827 2881 etiamnunc
864 2842 939 2880 PT
985 2836 1241 2880 etiamnum
1288 2837 1423 2881 ceteri
1462 2838 1469 2892 Ι
1511 2835 1559 2878 111
1606 2847 1838 2878 1111111111110

150 2894 339 2937 truncos
372 2895 498 2940 codd.
543 2909 776 2940 murmure
798 2897 965 2941 trunco
989 2909 1103 2941 corr.
1128 2894 1354 2940 Barthius
