1942 3190
163 184 236 238 20
735 185 785 230 P.
818 186 1048 231 PAPINII
1082 185 1285 232 STATH

162 306 390 375 Templa
428 325 525 359 nec
563 306 813 359 instabili
849 307 998 360 fama
1038 308 1356 376 superabere
1395 306 1556 378 De103

162 379 237 434 Et
275 380 452 433 ventis
493 383 547 432 et
586 398 741 433 sacra
778 381 933 434 fretis
973 381 1222 451 interque
1261 381 1489 435 vadosas

165 453 452 523 Cycladas,
492 454 743 524 Aegaeae
780 454 1044 524 frangunt
1082 455 1179 508 ubi
1217 474 1348 509 saxa
1386 455 1677 525 procellae,
1773 469 1860 510 390

164 527 459 581 Nereidum
497 529 797 597 tranquilla
837 528 1026 583 domus
1065 529 1396 599 iurandaque
1433 530 1614 584 nautis

161 601 370 671 Insula,
409 620 477 654 ne
518 603 691 655 solum
730 602 952 656 Danaas
993 603 1221 656 admitte
1260 604 1492 672 carinaS‚

161 675 215 728 N
219 695 245 728 e
254 719 268 745 ,
306 678 516 745 precor!
593 676 696 729 Hic
734 677 901 730 thiasi
939 680 1155 730 tantum
1195 681 1249 730 et
1287 678 1427 730 nihil
1466 677 1601 731 utile
1638 677 1834 747 bellis,.

163 748 325 804 *Hoc
362 751 567 803 famam
605 749 869 804 narrare=1e
908 751 1060 819 doce3
1102 751 1333 821 dumque
1374 771 1525 804 arma
1563 754 1824 820 parantur

161 823 362 878 Dorica
401 828 456 877 et
496 826 763 877 alternum
803 825 1019 879 Mavors
1059 825 1335 879 interfurit
1374 826 1583 894 orbem,
1771 838 1857 880 395

162 897 330 969 (Cedo
372 899 642 968 equidem)
683 899 756 952 sit
792 900 947 969 virgo
985 900 1062 968 pii
1103 898 1425 969 Lycomedis
1464 897 1743 953 Achilles?

309 973 524 1026 Interea
561 974 786 1027 meritos
825 968 991 1026 ultrix
1028 973 1250 1042 Europa
1288 974 1500 1027 dolores

160 1047 427 1101 Dulcibus
469 1066 743 1101 armorum
782 1047 938 1100 furiis
979 1051 1034 1101 et
1074 1048 1318 1117 supplice
1356 1066 1547 1118 regum

163 1120 474 1191 Conquestu
513 1122 792 1175 flammata
830 1124 1032 1191 movet3
1075 1122 1273 1192 quippe
1313 1123 1486 1175 ambit
1523 1121 1743 1175 Atrides

161 1196 264 1248 Ille
304 1196 504 1265 magis,
544 1197 628 1249 cui
666 1198 839 1264 nupta
879 1196 1047 1264 domi,
1086 1196 1402 1265 facinusque
1440 1197 1616 1249 relatu
1765 1208 1853 1250 400

161 1270 400 1338 Asperat
437 1269 688 1323 Iliacum:
729 1273 944 1339 captam
984 1270 1098 1323 sine
1137 1269 1340 1339 Marte,
1381 1271 1496 1323 sine
1537 1270 1703 1323 armis

160 1343 485 1414 Progeniem
525 1344 661 1397 caeli
701 1342 1032 1413 Spartaeque
1069 1344 1308 1412 potentis
1350 1345 1650 1412 alumnam,

158 1417 287 1470 Iura
324 1418 486 1470 fidem
533 1436 758 1487 superos
805 1436 914 1470 una
953 1418 1164 1471 calcata
1201 1418 1407 1486 rapina.

161 1491 283 1544 Hoc
306 1492 494 1544 foedus
518 1491 832 1562 Phrygium,
864 1492 999 1545 haec
1025 1492 1271 1562 geminae
1296 1492 1618 1545 commercia
1639 1490 1857 1545 terrae?

164 1566 304 1629 Quid
343 1568 562 1618 maneat
599 1566 852 1634 populos,
893 1566 986 1619 ubi
1024 1568 1182 1618 tanta
1219 1566 1418 1619 iniuria
1455 1565 1662 1635 primos
1772 1576 1859 1618 405

160 1639 499 1709 Degrassata
540 1639 738 1692 duces?
778 1671 850 1676 —
890 1637 1101 1692 Coeunt
1140 1656 1272 1708 gens
1314 1639 1490 1692 omnis
1532 1642 1587 1691 et
1626 1640 1799 1692 aetas:

160 1712 278 1767 Nec
317 1716 531 1766 tantum
572 1713 757 1782 exciti,
795 1714 994 1766 bimari
1034 1731 1166 1782 quos
1206 1712 1437 1765 Isthmia
1473 1713 1619 1766 vallo

163 1786 415 1840 Claustra
451 1805 549 1839 nec
588 1787 884 1840 undisonae
925 1805 1059 1856 quos
1101 1786 1291 1840 circuit
1328 1787 1492 1840 umbo
1531 1785 1768 1854 Maleae,

164 1859 269 1914 Sed
307 1861 492 1930 procul
533 1861 722 1927 amoti,
759 1861 947 1914 Phrixi
985 1879 1093 1930 qua
1131 1861 1325 1913 semita
1361 1860 1515 1930 iungi

161 1935 544 2004 Europamque
561 1934 858 2004 Asiamque
883 1938 1055 2003 vetat3
1082 1953 1321 2004 quasque
1347 1934 1533 1987 ordine
1551 1937 1738 2005 gentes
1770 1946 1858 1988 410

94 2055 114 2068 s
161 2008 349 2063 Litore
388 2007 655 2078 Abydeno
695 2009 862 2063 maris
904 2009 1097 2079 alligat
1135 2009 1278 2062 unda
1318 2008 1552 2077 superni.

284 2219 372 2259 390
405 2213 636 2258 Clicladas
667 2217 700 2255 P
727 2214 734 2269 1
761 2213 991 2270 plangunt
1020 2213 1127 2256 Nic.
1152 2212 1377 2256 Heinsius
1402 2212 1628 2268 probante
1655 2211 1859 2268 Menkio,

165 2278 214 2318 at
244 2274 302 2329 cf.
337 2274 408 2317 II
435 2277 525 2318 104
554 2275 686 2328 (390)
709 2274 724 2330 ΙΙ
748 2277 833 2317 391
866 2271 1152 2328 iurandaque
1184 2270 1335 2315 noctis
1363 2275 1396 2313 P
1419 2272 1435 2328 Ι]
1458 2276 1544 2315 393
1577 2271 1663 2327 Ne,
1694 2284 1860 2328 precor

166 2332 267 2375 PG²
315 2335 388 2386 (ut
434 2333 684 2377 coniecerat
727 2331 834 2376 Nic.
875 2331 1118 2385 Heinsius)
1163 2330 1395 2387 Deprecor
1442 2334 1553 2373 Pom
1599 2330 1665 2373 Te
1695 2343 1861 2386 precor

166 2393 264 2436 edd.
304 2391 393 2435 Hic
431 2405 596 2448 precor
633 2397 654 2433 t
681 2393 687 2445 1
714 2390 858 2435 thiasi
896 2394 934 2433 A
972 2391 1103 2434 schol.
1140 2390 1327 2434 Monac.
1369 2389 1480 2434 tiasi
1522 2389 1653 2433 Leid.
1692 2402 1768 2446 pr.
1799 2402 1859 2434 m.

165 2451 343 2495 thiasos
374 2455 419 2493 M
466 2450 611 2495 tiasos
643 2450 774 2495 Leid.
816 2451 894 2495 alt.
926 2463 983 2494 m.
1030 2448 1192 2493 thiasis
1224 2452 1260 2490 G
1301 2448 1307 2506 Ι
1349 2449 1536 2492 tantum
1574 2449 1624 2492 et
1663 2447 1783 2492 nihil
1820 2453 1859 2492 A

165 2510 295 2555 Leid.
329 2515 364 2551 D
396 2511 597 2564 tantum,
628 2509 746 2553 nihil
777 2513 822 2552 Μ
849 2512 855 2565 Ι
881 2507 1007 2553 bello
1039 2512 1103 2551 tc
1141 2508 1156 2564 ΙΙ
1195 2512 1281 2551 394
1320 2507 1421 2552 Hoc
1454 2507 1631 2552 famam
1669 2519 1860 2552 narrare

165 2569 400 2613 ALeid.1.
433 2569 520 2613 Hic
550 2569 726 2613 famam
757 2582 945 2613 narrare
976 2572 1021 2610 Μ
1062 2567 1162 2612 Ηοο
1193 2565 1367 2610 famam
1401 2580 1587 2611 servare
1617 2566 1710 2611 cod.
1736 2565 1858 2610 Dor-

165 2629 269 2674 vilii
306 2627 396 2672 Hic
434 2628 593 2671 lanam
623 2629 825 2672 tractare
874 2627 1116 2683 Withofius
1153 2627 1168 2681 ΙΙ
1207 2630 1293 2670 396
1335 2624 1534 2670 Achillis
1574 2630 1673 2668 PPc
1708 2625 1714 2679 Ι
1756 2623 1860 2669 Hoc

165 2701 298 2732 versu
351 2688 521 2731 codices
567 2688 747 2743 peiores
800 2687 967 2732 librum
1022 2685 1299 2730 Achilleidos
1351 2686 1597 2730 secundum
1647 2683 1821 2738 fimiwnt
1843 2682 1859 2751 [Ι

170 2753 254 2792 397
295 2745 463 2792 victrix
492 2750 525 2788 P
563 2747 578 2803 ΙΙ
616 2751 702 2790 403
734 2746 867 2791 ruina
890 2752 955 2791 ct
975 2747 991 2803 ΙΙ
1015 2750 1101 2789 404
1126 2743 1337 2801 geminae
1361 2744 1478 2789 haec
1497 2747 1540 2787 Η
1562 2745 1578 2800 ΙΙ
1601 2746 1687 2787 409
1712 2744 1859 2787 amoti
1940 2767 1942 2771 .

167 2815 222 2860 tp
262 2805 464 2850 admotis
495 2809 528 2847 P
570 2806 751 2850 amotas
785 2809 820 2848 G
859 2806 1070 2850 admotas
1100 2802 1225 2846 PcG²
1273 2803 1453 2848 admoti
1482 2807 1560 2846 DI.
1603 2801 1665 2846 Et
1694 2801 1858 2858 procul

169 2867 355 2910 amotae
378 2864 665 2909 scribendum
695 2878 784 2909 esse
806 2865 1010 2910 censebat
1029 2863 1288 2909 Gronovius
1310 2864 1326 2919 ΙΙ
1348 2867 1435 2907 410
1458 2859 1856 2918 EuropenAsiam-

169 2938 258 2981 que
293 2924 513 2983 Menkius
542 2924 601 2979 cf.
632 2938 671 2968 v.
705 2926 770 2969 82
