2028 3190
643 180 988 260 TJIEBAIDos
1018 182 1129 228 ΜΒ.
1162 181 1282 227 vlu.
1695 181 1803 235 233

117 301 381 372 CassidiS,
419 303 555 357 haut
594 303 800 357 laetum
840 303 1059 358 domino
1097 304 1208 356 ruit
1247 321 1428 357 omen:
1466 303 1648 357 inusta

117 377 477 448 Temporibus
517 377 662 430 nuda
695 395 820 431 aera
859 377 1067 448 sedent,
1107 378 1410 447 circumque
1437 378 1633 431 sonori

118 451 338 506 Vertice
376 469 632 521 percusso
673 451 967 505 volvuntur
1004 453 1063 505 in
1103 471 1254 506 arma
1292 451 1541 505 molares
1711 466 1797 506 710

113 529 230 579 Iam
269 545 425 580 cruor
463 526 522 578 in
562 526 737 595 galea,
776 525 887 578 iam
926 527 1111 580 saucia
1148 526 1352 595 proluit
1391 530 1508 579 ater

23 623 28 627 ·
114 599 342 654 Pectora
379 601 680 669 permixtus
721 599 915 653 sudore
957 603 1011 653 et
1051 602 1313 671 sang‘uine
1351 604 1580 653 torrens

113 674 359 744 Respicit
397 674 680 728 hortantes
722 674 898 727 socios
938 677 993 726 et
1029 674 1253 727 Pallada
1290 673 1477 742 fidam,

112 747 355 819 Longius
395 748 647 819 opposita
687 748 951 801 celantem
989 748 1196 801 lumina
1233 766 1446 817 parma:

115 822 240 876 Ibat
278 823 422 877 enim
460 839 719 893 magnum
758 822 998 875 lacrimis
1038 822 1310 875 inflectere
1349 824 1575 891 patrem.
1717 835 1802 876 715

189 895 329 950 Ecce
369 899 516 950 secat
553 896 815 966 zephyros
855 897 1133 966 ingentem
1171 896 1412 949 fraxinus
1450 897 1587 950 iram

115 969 522 1040 Fortunamque
562 971 760 1039 ferenS,
800 970 899 1023 teli
937 989 1047 1024 non
1087 971 1288 1024 eminet
1329 973 1538 1023 auctor:

114 1044 401 1098 Astacides
442 1044 785 1113 Melanippus
828 1047 965 1115 erat,
1001 1063 1101 1099 nec
1139 1044 1381 1114 prodidit
1419 1045 1557 1113 ipse,

113 1117 190 1171 Et
226 1119 392 1173 vellet
430 1119 655 1182 latuisse
693 1137 939 1188 manum,
979 1119 1071 1171 sed
1111 1119 1310 1189 gaudia
1349 1121 1558 1172 turmae

112 1192 497 1247 Monstrabant
532 1193 826 1262 trepidum3
864 1211 993 1245 nam
1031 1193 1199 1247 flexus
1239 1194 1293 1245 in
1331 1192 1429 1245 ilia
1460 1192 1675 1262 Tydeus
1717 1206 1803 1247 720

116 1265 456 1321 Submissum
493 1268 638 1320 latus
679 1271 733 1320 et
773 1267 932 1335 clipei
969 1268 1249 1321 laxaverat
1289 1267 1492 1321 orbem.

115 1339 420 1394 Clamorem
459 1340 624 1393 Aonii
662 1341 893 1394 miscent
932 1341 1300 1411 gemitumque
1338 1339 1579 1410 Pelasgi,

115 1413 510 1484 Obiectantque
549 1432 741 1467 manus
780 1414 1261 1484 indignantemque
1299 1417 1534 1467 tuentur.

113 1488 213 1542 Ille
251 1506 348 1558 per
386 1489 667 1557 oppositos
706 1488 869 1558 longe
907 1488 1136 1541 rimatus
1178 1496 1419 1541 amarum

114 1562 433 1631 Astaciden,
471 1562 607 1616 totis
648 1563 858 1615 animae
900 1580 954 1614 se
996 1562 1146 1633 cogit
1184 1563 1238 1616 in
1276 1562 1444 1615 ictum
1716 1574 1801 1615 725

112 1636 379 1706 Reliquiis
417 1637 695 1706 telumque
733 1637 884 1706 iacit,
924 1636 1067 1705 quod
1105 1636 1381 1705 proximus
1420 1635 1665 1705 Hopleus

111 1709 465 1764 Praebuerat:
504 1711 655 1796 perit·
688 1728 973 1780 expressus
1014 1710 1293 1764 conamine
1334 1711 1571 1781 sanguis.
1637 1727 1639 1729 ’

114 1782 262 1838 Tunc
301 1785 486 1838 tristes
528 1785 658 1838 socii
698 1783 949 1855 cupidum
987 1785 1194 1838 bellare
1234 1783 1378 1854 (quis
1418 1783 1626 1854 ardorl)

112 1857 186 1910 Et
224 1861 536 1927 poscentem
574 1858 760 1911 hastas
801 1858 1083 1928 mediaque
1121 1859 1178 1910 in
1217 1862 1391 1912 morte
1429 1862 1720 1942 negantem

112 1930 375 2000 Expirare
414 1932 661 1997 trahunt,
701 1932 1003 2000 summique
1044 1932 1099 1984 in
1138 1932 1384 2001 margine
1424 1933 1602 2000 campi
1714 1945 1800 1985 730

111 2005 379 2059 Effultum
418 2005 637 2075 gemina
673 2006 848 2059 latera
885 2005 1207 2058 inclinantia
1244 2023 1434 2074 parma

112 2079 352 2149 Ponunt,
393 2098 455 2133 ac
494 2079 643 2133 saevi
681 2080 978 2132 rediturum
1018 2080 1085 2132 ad
1124 2080 1330 2148 proelia
1367 2078 1562 2131 Martis

113 2151 447 2207 Promittunt
486 2154 693 2207 flentes.
770 2152 872 2207 Sed
912 2157 967 2206 et
1005 2154 1121 2223 ipse
1161 2154 1405 2206 recedere
1445 2153 1655 2205 caelum

112 2226 472 2297 Ingentesque
513 2228 722 2281 animos
762 2231 1003 2282 extremo
1043 2227 1247 2298 frigore
1287 2227 1400 2280 labi

114 2298 319 2369 Sensit,
359 2305 414 2355 et
453 2302 666 2355 innixus
705 2305 881 2355 terrae
921 2300 1308 2355 miserescite'
1349 2302 1570 2372 clamat,
1715 2313 1799 2354 735

116 2343 447 2427 ‘Inachidaez
485 2393 594 2427 non
634 2394 759 2428 ossa
798 2394 986 2444 precor
1023 2376 1326 2428 referantur
1364 2377 1426 2427 ut
1466 2375 1646 2444 Argos

111 2446 433 2500 Aetolumve
472 2449 662 2519 larem3
702 2468 802 2503 nec
841 2450 984 2502 enim
1025 2450 1160 2502 mihi
1200 2467 1329 2502 cura
1369 2450 1606 2517 supremi

106 2622 110 2626 ’
238 2611 321 2651 708
352 2605 506 2651 inulta
534 2611 568 2649 P
598 2609 614 2664 ΙΙ
647 2612 731 2652 715
769 2622 945 2666 magnu
974 2613 1007 2651 P
1037 2610 1053 2665 ΙΙ
1086 2613 1170 2653 718
1208 2609 1448 2666 menalipp
1450 2623 1504 2652 us
1542 2609 1668 2653 codd.
1700 2606 1798 2650 edd.

112 2663 408 2723 Melanippus
440 2679 552 2711 corr.
582 2667 801 2712 Menkius
832 2669 929 2714 coll.
954 2669 1111 2712 Aesch
1138 2667 1256 2724 Sept.
1282 2682 1322 2712 v.
1348 2672 1440 2713 397
1463 2669 1540 2724 Ap
1543 2667 1674 2712 ollod.
1702 2664 1803 2708 III

16 2776 18 2779 ι
113 2727 157 2779 6,
190 2729 236 2779 8,
270 2728 298 2769 3
331 2725 538 2769 Pausan.
571 2725 656 2768 IX
685 2727 1015 2781 18,1Herod.
1049 2683 1334 2782 V67,p40f.
1359 2727 1491 2781 infra
1515 2729 1606 2771 740
1630 2722 1799 2780 ΙΧΒΙΙ

116 2758 199 2828 7'19
233 2785 282 2827 et
312 2782 488 2840 gaudia
510 2788 542 2826 P
565 2785 580 2839 ΙΙ
607 2789 692 2828 722
723 2784 831 2829 aoni
854 2790 886 2828 P
909 2788 926 2843 ΙΙ
951 2790 1035 2829 723
1060 2790 1100 2829 et
1126 2791 1210 2830 724
1243 2788 1295 2830 in
1317 2791 1350 2828 P
1380 2788 1499 2830 inter
1521 2799 1565 2828 se
1587 2789 1797 2839 transpo—

114 2842 193 2886 siti
230 2843 443 2900 leyuntur
480 2844 495 2899 ΙΙ
537 2848 621 2887 726
661 2843 922 2899 ophleusP
961 2844 1158 2902 oppleus
1199 2850 1271 2887 BG
1302 2846 1316 2901 ΙΙ
1349 2850 1431 2889 731
1466 2842 1626 2900 palma
1655 2847 1687 2884 P
1720 2854 1798 2898 pr.

114 2912 170 2945 m.
194 2901 211 2956 fl
235 2905 318 2946 732
352 2915 406 2946 ac
441 2901 561 2946 safui
592 2906 624 2944 P
647 2905 662 2959 ΙΙ
688 2908 772 2947 733
804 2905 854 2947 et
882 2916 965 2948 om.
1000 2909 1026 2947 8
1054 2906 1060 2959 Ι
1088 2903 1242 2961 ipsum
1273 2908 1349 2945 PG
1377 2906 1383 2959 Ι
1411 2902 1576 2946 cedere
1608 2905 1644 2943 G
