2028 3190
224 164 257 216 2
263 165 332 217 88
798 166 847 211 P.
880 165 1109 210 PAPINII
1140 166 1333 211 STATII

226 283 485 338 Scindunt
526 285 775 337 dissensu
814 286 964 338 vario
1005 286 1312 356 Luctusque
1351 286 1628 358 Furorque

222 358 296 413 Et
334 358 512 411 Pavor
554 361 608 411 et
649 358 819 411 caecis
858 358 1010 429 Fuga
1049 360 1373 413 circumfusa
1411 363 1663 416 tenebris.

225 433 441 485 Bellum
481 433 713 485 intrasse
751 436 932 502 putes:
971 434 1184 487 fervent
1223 434 1550 488 discursibus
1591 454 1764 506 arceS‚
1827 450 1914 492 560

225 505 523 559 Miscentur
562 507 797 559 clamore
836 508 978 577 viae,
1015 507 1220 560 ferrum
1259 509 1493 578 undique
1534 513 1588 562 et
1625 510 1780 581 ignes

225 579 407 632 Mente
446 580 653 648 vident,
695 599 884 633 saevas
924 584 1105 634 mente
1147 599 1400 650 accepere
1439 585 1673 637 catenas.

225 652 579 723 Consumpsit
617 657 845 707 ventura
882 655 1068 708 timor:
1108 656 1219 708 iam
1258 659 1404 709 tecta
1441 658 1716 727 replerant

227 727 584 796 Templaque‚
623 731 676 780 et
715 730 963 796 ingratae
1002 729 1276 782 vallantur
1315 731 1624 798 planctibus
1665 750 1803 787 arae.

223 800 347 854 Una
388 820 573 854 omnes
615 802 906 871 eademque
947 803 1094 855 subit
1131 803 1361 856 formido
1401 823 1497 872 per
1537 823 1728 859 annos:
1829 820 1915 860 565

224 874 463 928 Poscunt
501 876 617 927 fata
657 894 834 945 senes,
876 877 1028 929 ardet
1066 878 1342 946 palletque
1381 878 1656 949 iuventus,

225 949 385 1002 Atria
421 948 670 1002 femineis
697 949 988 1017 ‘trepidant
1026 951 1237 1003 ululata
1277 952 1544 1020 querellis.

225 1022 388 1075 Flent
425 1024 580 1091 pueri
621 1027 675 1075 et
713 1023 876 1076 flendi
914 1028 1187 1092 nequeunt
1226 1042 1551 1095 cognoscere
1590 1044 1779 1079 causas

224 1096 464 1149 Attoniti
505 1100 558 1148 et
597 1100 814 1149 tantum
853 1101 1090 1150 matrum
1129 1098 1369 1151 lamenta
1407 1101 1715 1152 trementes,

225 1170 358 1223 Illas
400 1171 547 1239 cogit
587 1188 759 1239 amor,
798 1188 897 1223 nec
934 1171 1140 1224 habent
1180 1175 1422 1224 extrema
1459 1173 1744 1241 pudorem:
1831 1188 1916 1228 570

226 1243 386 1312 Ipsae
426 1244 539 1296 tela
576 1244 728 1311 viris,
767 1244 918 1312 ipsae
956 1246 1095 1297 iram
1136 1245 1449 1314 animosque
1490 1247 1826 1316 ministrant,

226 1317 637 1386 Hortanturque
675 1336 889 1387 unaque
927 1322 1114 1386 ruunt,
1153 1337 1250 1372 nec
1290 1320 1439 1372 avita
1479 1324 1756 1390 gementes

225 1391 440 1443 Limina
478 1409 577 1444 nec
616 1410 813 1459 parvos
854 1395 1066 1445 cessant
1106 1393 1386 1445 ostendere
1425 1397 1608 1447 natos:

227 1463 314 1518 Sic
353 1465 449 1518 ubi
486 1466 732 1533 pumiceo
772 1469 961 1534 pastor
1000 1469 1255 1535 rapturus
1296 1467 1362 1519 ab
1406 1471 1564 1520 antro

224 1541 485 1591 Armatas
527 1539 699 1592 erexit
739 1558 892 1607 apes,
928 1539 1112 1592 fremit
1152 1559 1342 1608 aspera
1379 1541 1574 1609 nubes3
1833 1555 1917 1596 575

224 1612 394 1681 Inque
433 1613 606 1665 vicem
647 1631 762 1665 sese
804 1613 1035 1665 stridore
1073 1614 1364 1667 hortantur
1403 1617 1458 1667 et
1497 1633 1683 1668 omnes

225 1686 415 1738 Hostis
455 1686 512 1737 in
552 1704 647 1738 ora
685 1687 897 1756 volant,
937 1705 1062 1739 mox
1102 1687 1472 1740 deficientibus
1514 1689 1613 1741 alis

229 1760 525 1827 Amplexae
563 1759 865 1829 flavamque
905 1760 1123 1813 domum
1163 1762 1484 1830 captivaque
1523 1762 1792 1832 plangunt

225 1832 394 1886 Mella
433 1833 815 1903 laboratasque
855 1838 1112 1904 premunt
1152 1835 1218 1887 ad
1257 1838 1482 1904 pectora
1521 1853 1685 1889 ceras.

298 1905 412 1959 Nec
450 1925 561 1960 non
601 1907 851 1976 ancipitis
890 1912 1098 1978 pugnat
1139 1910 1407 1962 sententia
1445 1909 1597 1979 vulgi
1833 1923 1918 1963 580

232 1980 628 2049 Discordesque
668 1983 800 2035 serit
838 1985 1041 2035 motus:
1083 1983 1141 2034 hi
1180 1983 1402 2035 reddere
1441 1983 1600 2036 fratri

229 2052 369 2125 (Nec
409 2058 677 2123 mussant,
717 2055 811 2108 sed
849 2074 980 2109 voce
1019 2057 1201 2124 palam
1242 2057 1492 2125 claroque
1531 2055 1814 2128 tumultu),

226 2128 469 2180 Reddere
509 2146 677 2198 regna
715 2130 928 2198 iubent3
970 2130 1133 2197 periit
1171 2131 1471 2182 reverentia
1510 2131 1655 2199 regis

228 2199 511 2253 Sollicitis:
555 2202 782 2254 ‘Veniat
820 2206 1144 2271 pactumque
1184 2203 1271 2254 hic
1311 2206 1587 2271 computet
1626 2221 1846 2268 annum,

228 2272 598 2342 Cadmeosque
639 2275 780 2328 lares
822 2276 942 2327 exul
982 2276 1294 2344 patriasque
1335 2277 1535 2329 salutet
1831 2290 1916 2331 585

227 2347 421 2400 Infelix
461 2348 737 2416 tenebras3
765 2366 872 2411 (cur
913 2352 1092 2401 autem
1134 2349 1392 2418 sanguine
1433 2350 1651 2403 fraudes

228 2421 304 2474 Et
340 2421 558 2490 periura
597 2422 742 2474 luam
782 2423 980 2492 regalis
1021 2423 1248 2475 crimina
1284 2423 1521 2476 noxaeP'

349 2585 436 2625 563
467 2580 709 2637 replorant
735 2586 767 2623 P
798 2581 1041 2638 replerunt
1063 2582 1173 2628 Beh.
1199 2585 1214 2638 ΙΙ
1239 2588 1323 2627 569
1355 2584 1611 2628 trementes
1634 2589 1667 2626 P
1697 2583 1916 2628 timentes

229 2639 382 2683 ΒΜΘ2
416 2641 492 2697 (αῖ.
526 2655 582 2684 m.
615 2654 842 2696 suprascr.
871 2643 1135 2699 sequentes)
1172 2641 1382 2686 videntes
1415 2643 1543 2688 Leid.
1577 2644 1763 2687 tuentes
1793 2643 1915 2687 Bar-

227 2700 349 2744 thius
373 2701 388 2755 ΙΙ
413 2704 496 2744 577
529 2699 691 2744 volent
721 2704 753 2741 P
777 2702 791 2755 ΙΙ
816 2704 898 2744 581
933 2699 1127 2744 fratrem
1159 2702 1283 2746 codd.
1318 2703 1415 2746 edd.
1448 2701 1584 2745 fratri
1616 2716 1729 2747 corr.
1768 2700 1916 2746 Sand-

227 2760 464 2803 stroemius
487 2759 502 2813 ΙΙ
527 2762 611 2803 582
644 2758 1063 2815 Interpunctionem
1087 2761 1264 2804 correoei
1290 2761 1296 2815 Ι
1324 2760 1541 2816 claraque
1565 2765 1598 2803 P
1621 2763 1636 2815 ΙΙ
1659 2765 1746 2805 584
1779 2759 1915 2803 Solli-

229 2815 312 2860 citi
343 2822 375 2859 P
413 2819 428 2873 ΙΙ
468 2821 552 2862 586
593 2818 749 2862 autem
788 2817 1015 2874 sanguine
1054 2824 1086 2861 P
1125 2819 1283 2862 autem
1323 2833 1409 2875 ego
1450 2817 1678 2876 sanguine
1708 2822 1796 2862 Bu
1834 2819 1916 2863 aut

234 2888 320 2931 cgo
354 2891 416 2931 cg
448 2877 578 2921 Leid.
612 2878 710 2921 edd.
743 2881 843 2922 vett.
878 2891 971 2932 cur,
1006 2892 1046 2934 a,
1081 2891 1168 2934 ego
1204 2879 1429 2934 sanguine
1460 2879 1768 2923 Baehremius

2004 3065 2028 3190 mnf.
2020 3043 2028 3058 .-
2016 2868 2028 3033 ..mo—uma
2020 2851 2028 2862 a
2016 2834 2028 2842 ⁴.
2014 2695 2028 2826 mmm
2025 2667 2028 2688 .-
2022 2640 2028 2660 --,
2022 2627 2023 2633 ⁴
