2008 3198
690 195 1034 243 THEBAIDOS
1066 195 1175 240 LIB.
1209 194 1266 240 V.
1720 190 1826 243 119

136 323 291 379 Unde
329 323 431 376 hos
470 321 538 375 ad
577 320 759 373 venias
798 336 966 389 regno
1006 317 1214 371 deiecta
1250 316 1482 369 labores.

134 397 302 452 Dulce
340 395 494 465 loqui
531 394 744 447 miseris
784 396 1099 460 veteresque
1139 390 1391 444 reducere
1431 384 1690 458 questus?

209 471 432 542 Incipit:
471 468 712 538 ‘Aegaeo
751 466 1017 536 premitur
1057 464 1369 518 circumflua
1406 462 1583 516 Nereo

134 544 392 614 Lemnos,
429 543 525 596 ubi
563 541 796 612 ignifera
834 540 1007 593 fessus
1046 539 1278 607 respirat
1317 537 1385 590 ab
1425 536 1607 590 Aetna
1773 547 1830 587 50

133 618 425 687 Mulciber3
463 616 675 686 ingenti
712 614 965 667 tellurem
1004 612 1282 681 proximus
1322 610 1517 663 umbra

134 692 315 746 Vestit
354 692 531 744 Athos
573 705 961 756 nemorumque
1009 687 1264 739 obscurat
1300 685 1539 754 imagine
1578 685 1830 752 pontum3

134 766 369 821 Thraces
409 767 567 818 arant
605 766 815 831 contra,
864 760 1135 813 Thracum
1173 759 1366 812 fatalia
1405 757 1562 811 nobis

134 839 345 909 Litora,
384 841 439 891 et
475 838 598 891 inde
638 836 805 890 nefas,
874 835 1133 888 Florebat
1172 833 1320 886 dives
1361 830 1595 885 alumnis

135 913 323 983 Terra,
361 930 461 965 nec
498 912 596 964 illa
636 910 797 963 Samo
837 909 985 962 fama
1022 906 1228 960 Delove
1270 906 1488 960 sonanti
1775 916 1832 956 55

135 987 295 1040 Peior
334 989 389 1039 et
425 985 723 1038 innumeris
765 1002 898 1053 quas
940 982 1200 1052 spumifer
1239 980 1425 1034 adsilit
1464 979 1672 1048 Aegon.

135 1060 237 1115 Dis
276 1061 451 1114 visum
491 1060 712 1112 turbare
752 1058 963 1125 domos,
1005 1074 1104 1109 nec
1143 1058 1368 1124 pectora
1407 1053 1566 1121 culpa

134 1133 341 1188 Nostra
377 1137 592 1187 vacant:
632 1132 811 1185 nullos
851 1130 1053 1184 Veneri
1093 1129 1425 1183 sacravimus
1465 1127 1644 1197 ignes,

135 1207 305 1262 Nulla
344 1208 472 1262 deae
513 1207 685 1275 sedes3
726 1208 911 1259 movet
950 1208 1006 1257 et
1046 1204 1302 1257 caelestia
1343 1201 1616 1272 quondam

136 1281 315 1336 Corda
353 1282 507 1335 dolor
545 1282 801 1349 lentoque
840 1279 1096 1347 inrepunt
1134 1277 1350 1347 agmine
1389 1275 1618 1328 Poenae.
1778 1287 1834 1327 60

136 1355 241 1409 Illa
278 1355 510 1424 Paphon
548 1358 786 1407 veterem
826 1357 1149 1420 centumque
1189 1351 1385 1404 altaria
1423 1350 1673 1417 linquens

137 1427 254 1482 Nec
292 1429 448 1482 vultu
485 1445 584 1481 nec
623 1428 769 1480 crine
807 1427 956 1495 prior
995 1425 1225 1478 solvisse
1264 1424 1503 1493 iugalem

141 1500 345 1556 Ceston
385 1505 439 1555 et
476 1501 677 1555 Idalias
716 1500 902 1570 procul
943 1500 1229 1569 ablegasse
1267 1499 1511 1550 volucres

139 1575 359 1646 Fertur3
402 1578 557 1629 erant
596 1578 762 1643 certe,
802 1573 980 1626 media
1021 1591 1158 1642 quae
1197 1571 1374 1624 noctis
1413 1571 1473 1623 in
1511 1570 1706 1623 umbra

138 1649 336 1703 Divam
376 1649 515 1703 alios
554 1649 709 1719 ignes
750 1647 1064 1715 maioraque
1104 1646 1215 1698 tela
1254 1647 1534 1715 gerentem
1779 1655 1835 1696 65

144 1723 433 1777 Tartareas
471 1723 617 1775 inter
655 1721 912 1774 thalamis
951 1720 1212 1774 volitasse
1254 1736 1463 1772 sorores

140 1795 467 1866 Vulgarent3
505 1800 673 1865 utque
711 1795 990 1864 implicitis
1031 1811 1230 1847 arcana
1268 1793 1551 1846 domorum

140 1869 431 1939 Anguibus
469 1873 524 1922 et
564 1887 726 1922 saeva
763 1867 1051 1922 formidine
1092 1869 1286 1919 cuncta
1323 1865 1556 1934 replevit

141 1942 358 1996 Limina
394 1960 494 1995 nec
532 1942 626 1994 fidi
664 1942 923 2011 populum
962 1941 1220 1992 miserata
1258 1939 1464 2006 mariti,

142 2015 402 2069 Protinus
435 2034 467 2068 a
498 2015 700 2068 Lemno
740 2014 913 2068 teneri
951 2013 1172 2083 fugistis
1211 2013 1464 2080 Amores,
1783 2024 1838 2064 70

140 2088 326 2143 Mutus
364 2088 586 2159 Hymen
624 2106 918 2156 versaeque
957 2087 1101 2140 faces
1142 2089 1196 2139 et
1233 2085 1431 2156 frigida
1470 2085 1600 2138 iusti

144 2161 290 2217 Cura
327 2164 459 2216 tori!
498 2163 680 2216 nullae
719 2162 946 2215 redeunt
983 2161 1041 2213 in
1080 2160 1278 2230 gaudia
1315 2162 1524 2228 nocteS,

142 2235 342 2290 Nullus
380 2238 438 2290 in
477 2237 730 2305 amplexu
768 2253 930 2304 sopor
969 2237 1074 2302 est,
1114 2233 1252 2287 Odia
1291 2251 1484 2302 aspera
1521 2232 1719 2302 ubique

144 2309 221 2363 Et
258 2309 431 2363 Furor
470 2313 524 2363 et
563 2310 741 2364 medio
779 2309 1004 2362 recubat
1043 2307 1330 2361 Discordia
1367 2307 1525 2361 lecto·

146 2381 291 2435 Oura
327 2384 460 2436 viris
498 2383 736 2437 tumidos
777 2383 1001 2436 adversa
1039 2381 1274 2435 Thracas
1314 2381 1372 2433 in
1412 2399 1508 2434 ora
1784 2392 1838 2432 75

102 2471 110 2478 ·
145 2454 352 2509 Emere
392 2461 447 2509 et
485 2475 703 2510 saevam
741 2456 996 2510 bellando
1036 2455 1286 2524 frangere
1327 2457 1557 2524 gentem.

149 2527 390 2599 Cumque
430 2528 620 2583 domus
660 2534 850 2584 contra
889 2532 1201 2598 stantesque
1238 2528 1296 2580 in
1333 2529 1494 2581 litore
1532 2527 1671 2595 nati,

268 2708 339 2748 48.
375 2702 530 2747 ‘dulce
563 2729 618 2737 -
649 2703 852 2748 miseris’
890 2701 1061 2747 schol.
1094 2701 1112 2744 1
1144 2714 1182 2747 0.

270 2855 326 2894 47
361 2847 583 2893 advenias
623 2849 750 2893 codd.
788 2850 910 2902 edd„
941 2861 1056 2893 corr.
1091 2847 1399 2892 Baehrensius
1437 2849 1453 2902 n
1492 2850 1547 2889 68
1586 2846 1735 2902 nupta
1771 2858 1840 2890 re-

151 2907 330 2965 plesset
351 2914 384 2951 P
407 2909 423 2964 11
448 2912 501 2951 71
527 2906 685 2950 Mutus
708 2907 807 2949 1³3¹
830 2907 985 2951 Motus
1012 2906 1147 2948 (³¹83
1173 2907 1231 2951 al.
1265 2920 1320 2951 m.
1354 2910 1398 2947 Η
