2008 3198
681 150 1021 198 THEBAIDOS
1052 152 1161 198 LlB.
1195 153 1276 199 III.
1767 155 1836 208 71

140 275 535 345 Respectentve
574 276 753 327 truces
794 274 1014 344 obliquo
1055 274 1258 328 lumine
1298 278 1515 328 matres

140 348 239 403 Ibo
279 349 454 402 libens
495 351 781 417 certusque
820 348 983 418 mori,
1020 348 1149 402 licet
1189 349 1395 418 optima
1436 350 1669 403 coniunx

139 423 519 492 *Auditusque
558 422 799 475 iterum*
836 425 1051 476 revocet
1084 441 1256 492 socer,
1294 423 1439 476 hunc
1471 439 1572 492 ego
1606 423 1841 494 Thebis,
1922 463 1927 467 -

141 495 314 566 Hunc,
339 514 608 566 germane,
632 495 735 548 tibi
759 495 1010 565 iugulum
1034 499 1090 549 et
1113 497 1231 566 tibi,
1257 497 1488 550 maxime
1514 497 1714 567 Tydeu,
1747 511 1835 553 380

140 569 361 624 Debeo?
446 569 535 623 Sic
573 570 736 623 variis
775 573 1109 640 pertemptat
1145 574 1367 640 pectora
1407 571 1566 624 dictis

139 644 504 714 Obliquatque
543 661 743 713 preces,
823 641 1138 697 Oommotae
1177 645 1457 713 questibus
1497 646 1609 697 irae

140 717 217 771 Et
255 719 457 771 mixtus
497 718 732 771 lacrimis
774 718 941 770 caluit
981 718 1159 788 dolor,
1200 718 1453 772 omnibus
1493 719 1638 771 ultro

140 790 268 845 Non
306 793 559 844 iuvenum
598 792 778 861 mod0,
820 792 912 844 sed
954 791 1147 861 gelidis
1187 795 1242 845 et
1283 792 1548 845 inertibus
1590 811 1722 846 aevo

138 864 457 918 Pectoribus
497 883 648 919 mens
688 885 798 918 una
837 867 1004 935 subit,
1044 866 1264 919 viduare
1303 869 1551 935 penateS,
1747 879 1835 921 385

138 938 430 992 Finitimas
473 939 727 992 adhibere
767 958 981 1009 manus,
1021 940 1236 1010 iamque
1277 940 1370 993 ire.
1449 939 1552 993 Sed
1592 941 1737 994 altus

140 1011 398 1066 Consiliis
438 1016 592 1082 pater
630 1014 949 1083 imperiique
990 1014 1123 1067 haut
1161 1014 1378 1068 flectere
1418 1015 1616 1068 molem

136 1086 372 1140 Inscius:
413 1086 548 1140 ‘ista
587 1087 802 1156 quidem
843 1088 1049 1158 superis
1091 1106 1352 1157 curaeque
1393 1088 1654 1142 medenda

140 1160 417 1231 Linquite,
458 1179 678 1231 quaeso,
719 1180 892 1228 meae,
931 1181 1029 1215 nec
1068 1165 1122 1215 te
1163 1179 1453 1232 germanus
1494 1162 1670 1216 inulto

138 1233 364 1303 Sceptra
403 1239 578 1305 geret,
617 1254 788 1305 neque
826 1255 926 1290 nos
968 1235 1111 1290 avidi
1141 1237 1462 1306 promittere
1495 1237 1714 1290 bellum.
1748 1251 1836 1291 390

141 1309 217 1361 At
253 1327 394 1362 nunc
434 1310 713 1379 egregium
751 1313 1012 1380 tantoque
1051 1310 1108 1362 in
1149 1311 1411 1380 sanguine
1452 1315 1706 1364 ovantem

137 1381 387 1451 Excipite
428 1382 691 1452 Oeniden,
732 1384 1080 1453 animosaque
1121 1388 1343 1452 pectora
1382 1384 1530 1436 laxet

138 1454 272 1508 Sera
311 1457 484 1525 quies:
524 1457 683 1510 nobis
725 1457 880 1510 dolor
919 1458 1052 1510 haut
1091 1458 1320 1510 rationis
1363 1457 1579 1527 egebit.’

216 1528 445 1582 Turbati
487 1532 757 1600 extempla
798 1532 1020 1585 comites
1064 1535 1117 1584 et
1154 1532 1356 1601 pallida
1396 1531 1627 1584 coniunx

138 1603 321 1673 Tydea
360 1603 559 1657 circum
601 1623 785 1658 omnes
825 1605 1024 1659 fessum
1066 1606 1302 1674 bellique
1344 1605 1568 1675 viaeque
1745 1619 1833 1660 395

138 1674 436 1746 Stipantur.
513 1678 712 1731 Laetus
753 1679 940 1732 mediis
982 1680 1039 1731 in
1080 1679 1293 1732 sedibus
1335 1679 1490 1731 aulae

139 1749 425 1821 Constitit,
465 1752 782 1821 ingentique
822 1756 1075 1822 exceptus
1115 1756 1273 1822 terga
1314 1754 1586 1823 columna,

141 1823 384 1877 Vulnera
422 1825 550 1877 dum
589 1826 832 1894 lymphis
873 1828 1197 1896 Epidaurius
1241 1827 1375 1879 eluit
1414 1827 1629 1896 Idmon,

139 1895 299 1950 Nunc
337 1898 494 1950 velox
533 1899 699 1968 ferro,
738 1918 878 1953 nunc
918 1901 1009 1952 ille
1049 1901 1358 1969 tepentibus
1399 1900 1585 1954 herbis

139 1970 347 2041 Mitior,
385 1972 501 2040 ipse
544 1973 655 2025 alta
695 1973 944 2026 seductus
985 1979 1163 2026 mente
1204 1977 1450 2027 renarrat
1745 1988 1834 2030 400

138 2044 415 2114 Principia
452 2046 679 2114 irarum,
720 2065 961 2117 quaeque
1001 2066 1155 2100 orsus
1196 2050 1420 2116 uterque
1462 2047 1726 2117 vicissim,

139 2117 270 2180 Quis
310 2120 460 2173 locus
501 2120 735 2189 insidiis,
774 2122 941 2174 tacito
983 2141 1119 2192 quae
1159 2124 1408 2191 tempora
1447 2122 1614 2191 bello,

139 2191 240 2255 Qui
284 2197 472 2246 contra
513 2195 807 2263 quantique
849 2195 1036 2263 duceS,
1074 2196 1169 2248 ubi
1210 2197 1474 2248 maximus
1517 2196 1598 2248 illi

141 2264 334 2334 Sudor,
376 2270 430 2320 et
467 2267 663 2321 indicio
706 2273 979 2322 servatum
1020 2269 1249 2322 Maeona
1288 2270 1435 2322 tristi

139 2339 396 2407 Exponit.
473 2339 573 2394 Cui
613 2342 721 2394 fida
761 2361 952 2396 manus
993 2361 1345 2413 proceresque
1387 2361 1644 2413 socerque
1744 2358 1830 2398 405

141 2413 412 2482 Adstupet
452 2416 651 2485 oranti,
692 2415 990 2486 Tyriusque
1030 2417 1331 2470 incenditur
1372 2417 1510 2470 exul.

261 2578 346 2618 377
386 2572 726 2631 Respectentve
758 2581 835 2619 PG
875 2576 1252 2633 Respectentque
1285 2575 1477 2620 Bo²sn
1509 2576 1827 2634 Expectentve

140 2632 262 2677 Serv.
293 2635 298 2689 1
326 2631 502 2677 lumine
534 2634 635 2677 nati
668 2635 789 2680 Serv.
815 2637 830 2691 ΙΙ
854 2640 940 2680 379
972 2634 1282 2692 Largitusque
1315 2637 1471 2679 torum
1503 2637 1831 2681 Lachmannus

138 2690 492 2746 Cunctatusque
531 2692 696 2736 iterum
738 2695 1048 2739 Baehrensius
1087 2694 1382 2750 Argivusque
1422 2694 1592 2739 iterum
1634 2694 1829 2739 Koestli-

137 2765 227 2794 ‘nus
250 2751 265 2806 ΙΙ
289 2756 373 2796 383
400 2749 549 2794 valuit
573 2750 705 2795 dolor
728 2753 953 2798 Bar-thius
977 2756 991 2811 Η
1016 2758 1101 2797 390
1125 2767 1209 2797 nos
1235 2758 1266 2796 P
1291 2767 1373 2797 vos
1400 2755 1532 2799 ceteri
1555 2766 1638 2796 nos
1665 2753 1828 2811 pavidi

138 2809 447 2854 Baehrensius
470 2812 485 2866 ΙΙ
509 2814 594 2855 397
629 2811 872 2856 columnae
912 2818 944 2855 P
967 2813 983 2868 Η
1007 2818 1092 2857 399
1132 2812 1400 2869 tepentibus
1433 2817 1516 2855 PH
1548 2812 1657 2856 Belo.
1694 2817 1719 2857 1
1746 2826 1830 2870 po-

137 2867 347 2912 tentibus
381 2868 529 2911 Gsssm
561 2869 780 2926 pentibus
812 2875 845 2914 Β
880 2872 957 2928 (αῖ.
990 2886 1046 2917 m.
1081 2885 1194 2917 corr.
1229 2873 1282 2916 in
1312 2870 1604 2927 potentibus)
