1942 3190
54 300 100 378 ¹}
265 306 486 375 Iamque
524 323 621 374 per
660 304 910 375 Aegaeos
950 303 1068 355 ibat
1104 300 1323 355 Laertia
1361 301 1529 353 flexus
1726 310 1812 352 675

117 380 347 450 Puppis,
386 382 441 432 et
477 380 787 431 innumeras
828 377 1116 430 mutabant
1154 374 1415 446 Cycladas
1457 391 1637 427 aurae:

117 454 235 508 Iam
275 453 446 507 Paros
486 452 814 522 Olearosque
853 452 1051 520 latent3
1090 452 1200 504 iam
1238 449 1446 502 raditur
1485 448 1598 500 alta

118 529 353 582 Lemnos
394 531 449 580 et
488 546 520 580 a
556 530 711 596 tergo
752 526 1010 579 decrescit
1047 525 1316 578 Bacchica
1353 522 1561 592 Naxos,

75 603 263 656 5Ante
303 602 487 655 oculos
528 604 801 654 crescente
842 599 1025 668 Sam03
1066 600 1176 652 iam
1216 598 1384 652 Delos
1426 598 1620 666 opacat

120 677 360 746 Aequor:
399 676 479 728 ibi
517 693 545 727 e
584 675 729 728 celsa
766 675 945 726 libant
983 674 1260 727 carchesia
1296 689 1475 742 puppe
1730 681 1817 722 680

119 750 492 819 Responsique
530 749 691 801 fidem
732 751 786 801 et
823 766 1012 801 verum
1052 745 1350 800 Calchanta
1388 749 1688 815 precantur.
1748 794 1750 796 ,

121 824 314 878 Audiit
351 823 720 892 Arquitenens
760 821 1171 891 Zephyrumque
1213 840 1240 874 e
1279 821 1479 875 vertice
1519 817 1723 888 Cynthi

121 898 349 968 Impulit
389 901 443 950 et
481 897 659 950 dubiis
699 897 861 965 pleno
903 896 1050 948 dedit
1090 896 1274 948 omina
1311 896 1447 949 velo.

56 991 100 1024 10
122 972 175 1026 It
212 972 396 1042 pelagi
435 989 623 1024 secura
661 971 816 1023 ratis:
858 970 1058 1039 quippe
1099 971 1211 1023 alta
1252 967 1518 1022 Tonantis

122 1047 279 1100 Iussa
317 1045 515 1098 Thetin
556 1048 730 1098 certas
768 1044 1008 1097 fatorum
1046 1047 1254 1097 vertere
1293 1044 1443 1113 leges
1732 1052 1818 1094 685

123 1120 399 1174 Arcebant
437 1136 656 1189 aegram
694 1119 931 1171 lacrimis
973 1136 1034 1171 ac
1073 1118 1246 1171 multa
1284 1119 1610 1189 gementem,

125 1194 282 1258 Quod
319 1212 431 1247 non
471 1195 684 1246 erueret
720 1195 950 1261 pontum
989 1192 1268 1261 ventisque
1306 1191 1566 1260 fretisque

125 1267 390 1322 Omnibus
429 1267 665 1320 invisum
704 1267 815 1320 iam
854 1270 984 1319 tunc
1024 1269 1335 1335 sequeretur
1372 1265 1604 1319 Ulixem.

60 1357 101 1389 1⁵
273 1341 584 1411 Frangebat
622 1341 802 1393 radios
841 1340 1037 1392 humili
1074 1341 1183 1392 iam
1214 1358 1417 1409 pronus
1451 1337 1684 1408 Olympo

126 1415 380 1468 Phoebus
428 1418 482 1467 et
521 1414 721 1468 Oceani
758 1414 1092 1483 penetrabile
1131 1414 1262 1466 litus
1304 1413 1513 1466 anhelis
1734 1424 1820 1464 690

127 1488 489 1542 Promittebat
529 1488 703 1557 equis:
744 1506 865 1540 cum
907 1506 963 1540 se
1004 1488 1291 1555 scopulosa
1328 1487 1532 1540 levavit

129 1561 348 1632 Scyros3
388 1564 446 1615 in
483 1561 624 1614 hanc
662 1564 809 1615 totos
849 1561 1031 1614 emisit
1068 1579 1246 1630 puppe
1284 1561 1540 1614 rudentes

129 1635 253 1689 Dux
290 1636 627 1704 Laertiades,
667 1636 932 1705 sociisque
972 1653 1242 1687 resumere
1281 1638 1508 1704 'pontum

61 1709 372 1780 20'Imperat
409 1713 464 1762 et
501 1709 664 1762 remis
706 1709 985 1778 Zephyros
1027 1709 1278 1778 supplere
1318 1709 1582 1761 cadentes,

130 1785 409 1837 Accedunt
446 1784 616 1848 iussa,
657 1787 711 1835 et
750 1784 927 1853 magis
966 1783 1274 1835 indubitata
1312 1783 1592 1853 magisque
1737 1794 1822 1835 695

133 1857 324 1926 Scyros
366 1860 483 1909 erat
519 1857 825 1926 placidique
866 1875 1024 1926 super
1064 1856 1310 1909 Tritonia
1350 1860 1531 1910 custos

133 1930 350 1984 Litoris.
425 1930 650 2000 Egressi
688 1949 888 1983 numen
926 1933 1252 1983 venerantur
1291 1930 1497 1983 amicae

692 181 1100 228 ACHILLEIDOS
1131 181 1184 226 L.
1218 179 1250 224 I.
1739 175 1807 229 31

134 2195 438 2238 Achilleidos:
470 2198 519 2238 at
534 2195 586 2238 in
602 2197 640 2236 A
656 2193 784 2238 Leid.
813 2194 968 2239 Paris.
986 2197 1141 2238 11324
1162 2194 1295 2238 nulla
1319 2195 1557 2238 adnotatio
1576 2194 1826 2247 invenitur,

135 2267 236 2298 cum
258 2266 412 2298 versus
434 2257 532 2298 286
561 2254 670 2297 libri
693 2254 880 2297 secundi
903 2255 982 2310 qui
1005 2255 1139 2309 vulyo
1162 2254 1335 2297 dicitur
1367 2253 1482 2297 libro
1500 2254 1653 2309 primo
1679 2253 1825 2297 adnu-

134 2317 373 2357 merentwr.
401 2312 469 2366 Cf.
498 2312 664 2356 Philol.
688 2313 935 2356 XXXIV
947 2327 997 2369 p.
1012 2315 1103 2357 475
1125 2326 1215 2368 sqq.
1237 2312 1252 2370 Η
1270 2316 1354 2356 675
1378 2312 1522 2356 flexus
1538 2316 1576 2354 A
1600 2312 1730 2357 Leid.
1751 2326 1824 2369 pr.

134 2386 192 2417 m.
220 2371 386 2415 fluctus
402 2375 447 2413 Μ
470 2372 496 2427 ΙΙ7
511 2377 596 2416 676
614 2370 836 2428 Cyclades
862 2385 996 2416 auras
1020 2376 1104 2414 AM
1122 2371 1349 2428 Cycladas
1367 2385 1507 2415 aurae
1533 2372 1629 2415 edd.
1659 2373 1666 2427 Ι
1692 2371 1828 2415 innu-

1632 2441 1673 2464 OS

136 2487 288 2518 meras
311 2475 559 2518 mutabant
584 2474 809 2531 Cycladas
842 2488 981 2518 aurae
1014 2489 1129 2520 corr.
1162 2475 1430 2519 Koestlinus
1446 2474 1461 2533 ΙΙ
1478 2432 1827 2530 sswflgiarggcdgg

129 2577 206 2619 pr.
226 2577 283 2606 m.
308 2566 341 2604 P
363 2563 380 2618 ΙΙ
404 2566 487 2606 678
523 2563 741 2607 ‘canaxos
756 2576 771 2591 ·
804 2562 987 2607 bacchi'
1022 2568 1054 2606 P
1077 2564 1093 2620 ΙΙ
1118 2567 1202 2608 680
1234 2563 1381 2621 puppi
1404 2567 1437 2606 P
1460 2565 1476 2620 ΙΙ
1500 2568 1583 2608 682
1609 2562 1827 2619 Arquite-

137 2635 251 2666 nens
275 2626 308 2663 P
346 2621 618 2665 Arcitenens
645 2623 778 2666 ceteri
799 2624 815 2678 ΙΙ
839 2627 925 2667 684
956 2623 1115 2679 pelagi
1147 2623 1204 2665 (³²
1242 2623 1348 2667 Nic.
1374 2623 1600 2667 Heinsius
1632 2627 1672 2666 et
1701 2622 1828 2664 Bur-

137 2694 336 2725 mannus
363 2682 369 2735 Ι
396 2680 565 2736 pelago
595 2685 748 2723 PPoM
782 2683 788 2737 Ι
828 2682 1034 2726 sonantis
1064 2686 1097 2724 P
1134 2683 1150 2739 ΙΙ
1190 2686 1275 2727 686
1308 2682 1458 2726 multa
1487 2681 1733 2726 timentem
1764 2678 1828 2738 ΡΗ

140 2745 224 2784 691
253 2740 564 2784 Permittebat
587 2740 811 2784 Heinsius
837 2751 842 2794 Ι
872 2755 978 2784 cum
1002 2755 1027 2785 e
1051 2745 1084 2783 P
1107 2743 1122 2798 ΙΙ
1147 2746 1230 2785 693
1265 2740 1495 2797 sociisque
1520 2745 1552 2782 P
1585 2739 1827 2794 sociosque

139 2800 273 2843 ceteri
299 2801 305 2855 Ι
331 2801 519 2855 portum
543 2802 576 2840 P
615 2801 801 2844 contum
835 2799 1173 2855 Wernsdorfius
1195 2802 1210 2857 ΙΙ
1235 2805 1318 2845 695
1344 2801 1475 2844 iuxta
1498 2804 1531 2841 P
1560 2798 1689 2842 iussa
1713 2811 1825 2843 corr.

139 2857 446 2903 Baehrensius
485 2856 621 2901 iussis
645 2862 702 2900 Ρο
719 2858 776 2900 G²
793 2859 923 2903 Leid.
943 2863 1026 2902 Gn
1057 2859 1173 2904 iussi
1203 2874 1229 2914 p
1257 2862 1264 2916 Ι
1292 2860 1341 2904 et
1370 2859 1520 2916 magis
1551 2862 1584 2900 P
1618 2856 1706 2915 [et]
1732 2871 1828 2901 ma-

141 2916 213 2973 gis
237 2922 328 2972 Pop
361 2919 410 2961 et
439 2916 534 2961 iam
557 2916 706 2974 magis
730 2917 787 2959 (32
819 2920 866 2962 et
897 2931 979 2963 om.
1012 2922 1057 2960 M
