2008 3198
193 177 230 228 4
776 174 826 218 Ρ.
861 174 1089 220 PAPINII
1120 174 1316 220 STATII

195 295 496 351 Contentus
536 293 769 365 Polybo,
807 295 1127 366 trifidaeque
1166 297 1225 349 in
1262 297 1531 352 Phocidos
1573 300 1692 353 arto

192 370 542 441 Longaevum
580 370 826 439 implicui
863 386 1048 440 regem
1087 370 1334 440 secuique
1365 373 1650 426 trementis
1833 386 1888 427 65

195 444 305 499 Ora
345 444 512 513 senis,
553 443 679 496 dum
721 462 922 513 quaero
961 447 1196 514 patrem,
1236 445 1283 498 si
1321 443 1598 515 Sphingos
1635 446 1852 516 iniquae

195 516 438 572 Callidus
479 518 736 587 ambages
775 521 829 571 te
869 521 1338 587 praemonstrante
1376 520 1598 590 resolvi,

198 591 256 646 Si
296 592 475 645 dulces
514 591 683 644 furias
723 594 777 645 et
815 593 1166 645 lamentabile
1205 593 1396 647 matris

195 664 503 719 Gonubium
541 667 757 735 gavisus
799 667 877 719 ini
915 669 1237 737 noctemque
1275 667 1566 720 nefandam

197 738 367 809 Saepe
407 740 510 793 tuli
547 743 813 809 natosque
852 740 980 809 tibi,
1020 741 1124 793 scis
1164 742 1305 810 ipsa,
1345 742 1555 810 paravi,
1832 755 1886 795 70

196 813 327 867 Mox
367 812 554 867 avidus
594 832 803 883 poenae
844 814 1034 884 digitis
1074 815 1417 868 caedentibus
1456 816 1600 869 ultro

194 887 423 941 Incubui
461 888 764 957 miseraque
803 889 988 942 oculos
1026 889 1085 941 in
1122 891 1294 943 matre
1332 889 1548 959 reliqui:

195 962 430 1031 Exaudi,
471 962 517 1014 si
557 962 721 1032 digna
758 980 948 1031 precor
987 981 1227 1032 quaeque
1265 964 1387 1032 ipsa
1425 963 1628 1016 furenti

200 1035 499 1090 SubicereS.
578 1035 784 1089 Orbum
823 1037 942 1090 visu
980 1037 1267 1107 regnisque
1306 1040 1579 1090 carentem

197 1109 326 1163 Non
364 1126 551 1180 regere
593 1112 687 1162 aut
726 1110 886 1164 dictis
927 1114 1259 1164 maerentem
1295 1111 1510 1164 flectere
1550 1110 1750 1179 adorti,
1838 1122 1893 1164 75

202 1183 349 1246 Quos
391 1184 552 1252 genui
591 1202 927 1254 quocumque
967 1187 1113 1254 tor03
1153 1185 1281 1254 quin
1321 1202 1440 1238 ecce
1481 1184 1699 1255 superbi

202 1257 332 1326 (Pro
373 1254 578 1328 dolorl)
619 1260 674 1310 et
710 1261 899 1311 nostro
938 1258 1249 1311 iamdudum
1287 1258 1473 1312 funere
1511 1275 1667 1330 reges

199 1330 478 1384 Insultant
515 1331 757 1384 tenebris
799 1333 1140 1402 gemitusque
1182 1332 1339 1386 odere
1377 1335 1648 1401 paternos

199 1405 371 1458 Hisne
413 1405 580 1458 etiam
618 1405 866 1459 funestus
907 1406 1045 1476 ego?
1087 1410 1142 1459 et
1180 1406 1327 1459 videt
1365 1406 1472 1459 ista
1510 1406 1731 1460 deorum

198 1478 439 1547 Ignavus
479 1479 736 1548 genitor?
791 1479 875 1533 Tu
916 1480 1108 1533 saltem
1151 1480 1333 1533 debita
1370 1479 1568 1533 vindex
1831 1493 1887 1533 80

198 1551 322 1606 Huc
361 1553 487 1606 ades
528 1556 584 1606 et
623 1556 770 1607 totos
810 1554 868 1607 in
905 1572 1139 1624 poenam
1179 1554 1355 1607 ordire
1394 1557 1635 1624 nepotes,

200 1627 370 1680 Indue
412 1627 555 1696 quod
594 1627 867 1680 madidum
905 1629 1036 1680 tabo
1078 1628 1324 1680 diadema
1363 1628 1598 1681 cruentis

202 1700 492 1770 Unguibus
535 1701 771 1770 abripui,
810 1701 1059 1770 votisque
1099 1701 1357 1754 instincta
1395 1701 1636 1770 paternis

202 1773 230 1826 Ι
270 1774 448 1827 media
487 1774 547 1826 in
585 1774 796 1843 fratreS‚
836 1775 1046 1844 generis
1087 1775 1361 1828 consortia
1398 1775 1540 1828 ferro

201 1846 508 1901 Dissiliant.
583 1847 691 1917 Da,
731 1848 978 1902 Tartarei
1015 1849 1204 1919 regina
1243 1848 1514 1918 barathri,
1840 1862 1897 1903 85

205 1921 364 1984 Quod
403 1921 617 1991 cupiam
656 1922 854 1976 vidisse
893 1923 1071 1993 nefas,
1109 1941 1208 1976 nec
1245 1923 1403 1976 tarda
1443 1925 1698 1992 sequetur

205 1994 361 2048 Mens
394 1996 670 2067 iuvenum3
701 1997 878 2066 modo,
910 1997 1060 2067 Dira,
1091 1997 1234 2050 veni:
1267 2015 1387 2049 mea
1414 1997 1648 2066 pignora
1674 1997 1896 2052 nosces,³

322 2146 380 2185 64
406 2155 472 2196 sq.
502 2140 805 2198 ‘trifidaeque
824 2169 877 2174 —
894 2143 1080 2199 regem’
1110 2156 1130 2186 s
1143 2142 1284 2187 chol,
1301 2142 1445 2187 Theb.
1464 2142 1551 2186 VII
1571 2147 1659 2187 344
1675 2157 1719 2199 p.
1740 2147 1828 2189 255
1844 2143 1892 2188 L.

204 2226 258 2232 -
286 2205 355 2244 74.
385 2201 398 2220 ‘
413 2200 579 2243 orbum
603 2227 658 2233 —
685 2203 922 2245 carentem
947 2203 1209 2259 (parentem
1232 2203 1325 2247 cod.
1348 2202 1503 2246 Paris.
1522 2203 1692 2258 8063)’
1723 2202 1896 2250 schol.

207 2258 353 2302 Theb.
388 2258 409 2301 Ι
441 2263 496 2303 56
528 2274 572 2315 p.
602 2265 627 2304 5
651 2260 699 2304 L.
727 2287 781 2293 -—
808 2265 878 2306 81.
909 2262 984 2305 ‘et
1007 2287 1062 2294 —
1086 2261 1307 2318 nepotes'
1344 2260 1493 2306 Serv.
1527 2260 1588 2303 ad
1611 2260 1725 2306 Aen.
1752 2262 1772 2306 Ι
1799 2266 1896 2307 185.

323 2397 379 2436 64
413 2374 542 2450 arti?
565 2398 597 2435 r
624 2407 728 2437 aree
754 2397 915 2448 onrp
941 2375 1053 2439 arx'ro
1086 2408 1251 2453 emm-9.
1277 2395 1371 2450 1169
1404 2391 1491 2436 inii
1525 2398 1632 2448 rsp
1663 2394 1761 2439 edd.
1794 2394 1809 2451 u
1843 2399 1894 2440 71

204 2466 385 2536 andei-is
419 2486 451 2523 P
479 2483 485 2537 Ι
515 2481 789 2526 cedentibus
822 2488 895 2526 Ps
919 2485 933 2540 Η
967 2488 1020 2527 72
1060 2483 1109 2526 in
1147 2485 1302 2527 mente
1347 2496 1386 2527 π
1425 2483 1555 2540 prob.
1596 2482 1805 2529 Bentleio
1850 2482 1901 2526 in

204 2542 358 2585 morte
401 2540 686 2598 Peyraredus
717 2543 732 2597 ΙΙ
766 2547 821 2586 74
854 2543 1091 2586 carentem
1121 2543 1249 2585 ΡΤοὲ
1279 2543 1410 2587 schol.
1444 2543 1689 2598 parentem
1718 2541 1901 2585 BGEc¹

202 2600 318 2645 Beh.
353 2604 377 2645 1
415 2599 493 2656 (al.
527 2601 779 2656 carentem)
812 2602 826 2656 ΙΙ
859 2607 914 2646 76
947 2606 989 2646 et
1021 2606 1076 2645 77
1109 2602 1229 2646 inter
1251 2614 1296 2646 se
1319 2602 1591 2658 transpositi
1614 2602 1826 2659 leqwntwr
1847 2602 1901 2645 in

203 2665 236 2702 Τ
260 2661 275 2716 ΙΙ
300 2663 355 2703 77
401 2671 576 2703 versum
607 2660 815 2716 spurium
846 2673 936 2705 esse
959 2661 1160 2717 putabat
1190 2660 1417 2705 Barthius
1446 2663 1462 2717 ss
1492 2660 1542 2714 ig
1579 2659 1741 2704 funere
1779 2664 1812 2702 P
1849 2658 1901 2703 in

204 2718 366 2762 funere
405 2722 444 2760 R
473 2718 489 2774 ΙΙ
513 2722 566 2761 81
601 2731 803 2774 poenam
841 2718 890 2761 in
929 2720 1056 2763 totos
1087 2719 1396 2764 Baehrensius
1430 2721 1435 2776 Ι
1471 2721 1665 2777 penates
1703 2718 1899 2764 Koestli-

203 2790 294 2821 ‘nus
315 2778 331 2833 ΙΙ
355 2782 409 2823 83
452 2775 638 2833 abripui
679 2782 711 2819 P
744 2777 911 2835 abrupi
948 2782 1037 2821 ΒΜ
1076 2777 1253 2835 arripui
1282 2782 1324 2820 Η
1356 2778 1549 2838 abrupts
1574 2779 1714 2835 01185
1749 2777 1902 2822 ‘multi

206 2833 455 2879 dissiciant
502 2835 804 2893 (dissentiant
841 2838 999 2894 Lina.)
1041 2837 1217 2894 legunt'
1252 2838 1384 2883 schol.
1426 2836 1697 2882 Dissideant
1730 2835 1899 2881 Gevar-

205 2895 299 2939 tius
322 2897 337 2950 ΙΙ
362 2899 416 2940 87
450 2895 603 2952 modo,
636 2894 751 2950 dira,
784 2895 893 2940 veni
925 2897 1252 2941 Lachmannus
1284 2896 1428 2952 digna
1458 2900 1586 2939 PBH
1616 2907 1721 2939 mea
1756 2894 1900 2953 digna
