2072 3216
235 162 343 217 180
804 162 857 210 P.
885 163 1114 209 PAPINII
1145 164 1339 210 STATII

229 283 347 338 Lux
385 284 567 353 timet,
607 285 661 336 et
700 283 864 337 durus
905 285 1193 338 contristat
1233 286 1411 339 sidera
1449 287 1644 369 fulgor.

230 357 413 428 Digna
450 359 570 411 loco
611 357 804 411 statio:
842 358 1032 427 primis
1075 359 1203 412 salit
1240 358 1484 430 Impetus
1524 380 1710 416 amens

229 431 276 486 E
316 432 526 485 foribus
568 448 890 500 caecumque
929 430 1098 485 Nefas
1137 432 1364 503 Iraeque
1403 435 1656 490 rubentes

228 504 627 575 Exanguesque
664 503 865 575 Metus,
906 506 1237 577 occultisque
1275 508 1495 562 ensibus
1535 512 1720 564 astant

228 579 464 633 Insidiae
504 579 883 649 geminumque
922 583 1109 634 tenens
1148 580 1437 635 Discordia
1475 582 1692 636 ferrum.
1863 597 1921 639 50

227 652 533 707 Innumeris
577 653 774 722 strepit-
812 654 937 707 aula
974 653 1158 720 Minis,
1199 655 1517 710 tristissima
1555 656 1745 711 Virtus

230 725 353 780 Stat
392 728 596 797 medic,
635 727 918 797 laetusque
958 727 1129 781 Furor
1168 730 1427 801 vultuque
1467 733 1691 785 cruento

228 801 377 855 Mors
419 805 630 855 armata
670 801 842 871 sedet3
882 802 1152 855 bellorum
1193 804 1339 857 solus
1379 805 1438 857 in
1478 805 1585 858 aris

229 874 463 946 Sanguis
503 878 558 928 et
594 876 829 929 incensis
871 877 961 945 qui
1001 879 1190 946 raptus
1231 877 1300 930 ab
1339 878 1563 932 urbibus
1602 879 1764 950 ignis,

229 950 516 1003 Terrarum
558 950 781 1003 exuviae
821 949 1022 1003 circum
1063 953 1117 1003 et
1154 951 1376 1021 fastigia
1414 952 1609 1021 templi
1864 966 1920 1008 55

230 1022 436 1093 Captae
475 1023 818 1093 insignibant
857 1027 1070 1093 genteS‚
1111 1025 1425 1095 caelataque
1463 1026 1606 1079 ferro

227 1097 523 1168 Fragmina
559 1100 842 1166 portarum
881 1098 1294 1167 bellatricesque
1334 1099 1570 1169 carinae,

229 1171 304 1225 Et
342 1172 499 1225 vacui
538 1189 724 1224 currus
763 1172 1103 1241 protritaque
1143 1173 1388 1226 curribus
1430 1192 1547 1243 ora,

228 1245 409 1299 Paene
450 1245 615 1299 61316111
655 1246 910 1315 gemitus:
953 1246 1086 1299 adeo
1126 1247 1207 1299 vis
1248 1248 1424 1299 omnis
1466 1250 1519 1300 et
1557 1264 1716 1300 omne

229 1318 457 1373 Vulnus
506 1318 722 1388 Ubique
754 1319 950 1387 ipsum,
985 1320 1076 1373 sed
1099 1337 1209 1372 non
1233 1338 1463 1389 usquam
1487 1339 1579 1374 ore
1604 1321 1831 1376 remisso
1863 1335 1921 1376 60

232 1391 465 1446 Cernere
505 1395 644 1445 erat:
683 1392 852 1445 talem
892 1392 1073 1446 divina
1110 1392 1378 1447 Mulciber
1418 1398 1534 1448 arte

227 1466 507 1535 Ediderat3
546 1466 785 1520 nondum
823 1467 989 1519 radiis
1029 1470 1363 1521 monstratus
1405 1468 1617 1522 adulter

231 1541 411 1595 Foeda
451 1543 700 1594 catenato
742 1541 919 1593 luerat
958 1541 1188 1594 conubia
1227 1542 1384 1596 lecto.

305 1616 574 1678 Quaerere
613 1615 944 1683 templorum
983 1632 1169 1684 regem
1208 1616 1298 1668 vix
1338 1619 1591 1684 coeperat
1630 1616 1740 1668 ales

229 1689 553 1757 Maenalius,
591 1688 778 1740 tremit
818 1705 937 1741 ecce
979 1689 1154 1741 solum
1195 1692 1249 1740 et
1288 1690 1499 1758 mugire
1538 1690 1786 1743 refractis
1864 1701 1920 1744 65

230 1761 496 1833 Corniger
535 1761 751 1814 Hebrus
793 1762 970 1831 aquis3
1009 1765 1137 1815 tunc
1178 1762 1319 1831 quod
1358 1781 1521 1832 pecus
1561 1763 1694 1816 utile
1731 1763 1875 1816 bello

228 1835 447 1891 Vallem
485 1836 806 1905 infestabat,
845 1834 1083 1905 trepidas
1123 1854 1372 1905 spumare
1411 1854 1508 1905 per
1545 1836 1766 1907 herbae,

231 1909 401 1982 Signa
441 1909 810 1979 adventantiS,
850 1910 1170 1994 clausaeque
1211 1910 1500 1963 adamante
1538 1911 1765 1979 perenni

227 1984 529 2038 Dissiluere
568 1984 727 2037 fores.
796 1952 1060 2052 ’Hyrcano
1099 1984 1158 2036 in
1200 1984 1461 2068 sanguine
1499 1985 1722 2053 pulcher

229 2058 356 2128 Ipse
398 2058 544 2112 subit
584 2076 763 2126 curm,
803 2058 1022 2139 diraque
1062 2058 1351 2127 aspargine
1389 2059 1530 2111 latos
1865 2071 1923 2113 ‘10

229 2132 411 2186 Mutat
451 2149 636 2201 agros,
678 2131 853 2199 spolia
892 2150 922 2183 a
961 2134 1117 2198 tergo
1158 2131 1453 2199 flentesque
1494 2134 1762 2184 catervae:

229 2205 379 2259 Dant
417 2206 585 2259 silvae
624 2205 825 2272 nixque
866 2204 980 2256 alta
1018 2205 1216 2273 locum3
1258 2205 1400 2274 regit
1438 2207 1557 2257 atra
1595 2205 1804 2275 iugales

232 2278 540 2349 Sanguinea
577 2277 805 2330 Bellona
844 2295 1008 2330 manu
1047 2278 1318 2346 longaque
1358 2277 1559 2348 fatigat

232 2351 480 2421 Cuspide.
558 2350 815 2421 Deriguit
853 2351 971 2404 visu
1011 2348 1259 2419 Cyllenia
1297 2352 1475 2420 proles

234 2426 603 2494 Submisitque
645 2436 833 2494 genas:
872 2425 978 2493 ipsi
1016 2425 1317 2478 reverentia
1354 2426 1521 2495 patri,
1865 2439 1920 2479 75

234 2499 293 2554 Si
331 2517 501 2570 prope
542 2499 634 2566 sit,
673 2498 957 2582 dematque
998 2499 1174 2551 minas
1213 2517 1311 2551 nec
1350 2500 1486 2552 talia
1524 2499 1757 2552 mandet.

233 2573 409 2636 ‘Quod
439 2572 584 2626 Iovis
617 2573 930 2640 imperium,
963 2589 1162 2642 magno
1191 2573 1318 2641 quid
1344 2573 1411 2626 ab
1436 2573 1652 2627 aethere
1676 2570 1920 2642 portas‘P'

354 2710 410 2749 46
445 2670 587 2747 dirus
603 2707 648 2745 M
686 2704 700 2759 ΙΙ
739 2706 794 2747 56
827 2701 1133 2759 insignabant
1163 2707 1195 2745 P
1219 2716 1295 2758 pr.
1329 2717 1402 2757 m„
1434 2704 1494 2747 al.
1528 2716 1640 2748 corr.
1666 2704 1681 2758 ΙΙ
1714 2705 1769 2746 59
1793 2700 1920 2746 Pone

235 2763 385 2830 aciem
424 2760 610 2820 genitus
642 2761 700 2805 R
743 2761 949 2819 Unqerus
976 2768 982 2817 1
1009 2761 1080 2806 vis
1114 2761 1263 2805 omnis
1297 2762 1357 2805 ad
1390 2774 1525 2805 omne
1555 2762 1623 2807 vel
1653 2759 1818 2804 aderat
1846 2758 1919 2805 vis

237 2822 387 2867 omnis
422 2823 469 2866 et
501 2834 636 2866 omne
667 2821 893 2865 Barthius
925 2823 949 2922 {k
972 2825 1027 2865 65
1059 2819 1302 2877 mugibere
1334 2825 1367 2863 P
1397 2819 1614 2878 mugibat
1645 2824 1671 2862 6
1701 2833 1783 2865 sec.
1815 2833 1871 2864 m.
1905 2819 1921 2878 Η

237 2887 292 2927 66
309 2881 436 2925 116110
454 2887 486 2924 P
501 2879 640 2924 bellis
658 2880 790 2926 ceteoi
812 2882 827 2936 ΙΙ
853 2885 906 2924 70
953 2882 1082 2924 aetos
1099 2880 1323 2925 Barthius
1346 2882 1361 2937 ΙΙ
1387 2885 1441 2925 77
1465 2891 1730 2935 magnoque
1746 2879 1795 2923 et
1810 2878 1869 2923 ab
1886 2882 1920 2922 1²
