2028 3190
241 141 350 194 300
819 143 868 188 P.
901 142 1085 188 PAPIN
1086 143 1130 187 II
1161 143 1353 188 STATII

241 260 325 314 Tu
363 262 546 330 potius
585 263 770 316 venias
810 262 954 334 (quis
996 264 1140 317 enim
1180 283 1495 322 concurrere
1532 265 1692 319 nobis

236 334 509 405 Dignior?
550 354 618 388 en
657 337 862 390 cineres
904 337 1252 408 Semeleaque
1291 339 1453 392 busta
1491 336 1794 412 tenentur),

236 407 397 462 Nunc
436 426 557 479 age,
595 429 738 464 nunc
775 411 906 464 totis
946 412 1003 464 in
1042 431 1128 465 me
1167 413 1406 466 conitere
1444 412 1700 483 flammi8‚

236 481 503 552 Iuppiter!
545 502 615 536 an
651 484 876 552 pavidas
915 487 1127 539 tonitru
1165 487 1384 540 turbare
1422 487 1632 556 puellas
1838 499 1931 542 905

240 556 460 609 Fortius
501 560 556 610 et
597 559 766 611 soceri
804 563 982 612 turres
1023 560 1302 613 excindere
1342 558 1596 614 Cadmi?

313 630 592 700 Ingemuit
631 632 788 685 dictis
830 652 1084 702 superum
1124 635 1301 706 dolor3
1340 635 1455 703 ipse
1493 634 1764 687 furentem

238 703 382 757 Risit
421 708 476 757 et
513 706 732 759 incussa
772 710 1078 760 sanctarum
1118 709 1262 762 mole
1303 727 1599 774 comarum,

240 777 254 800 ‘
268 776 548 839 Quaenam
567 798 689 848 spes
706 780 986 834 hominum
1011 783 1251 836 tumidae
1267 785 1394 852 post
1410 782 1617 851 proelia
1628 781 1935 852 Phlegrae?

238 851 389 905 Tune
415 854 579 906 etiam
603 853 939 908 feriendus?'
973 856 1062 909 ait.
1116 856 1325 909 Premit
1346 857 1582 925 undique
1605 856 1814 910 lentum
1842 869 1934 911 910

239 925 423 979 Turba
463 927 621 979 deum
658 928 910 982 frendens
951 933 1006 982 et
1043 930 1155 983 tela
1192 931 1409 986 ultricia
1447 930 1646 1000 poscit,

237 999 355 1053 Nec
394 1000 504 1053 iam
545 1001 706 1055 audet
743 1002 876 1056 fatis
916 1004 1138 1057 turbata
1179 1005 1446 1057 obsistere
1485 1004 1730 1057 coniunx,

240 1073 369 1142 Ipsa
409 1074 535 1128 dato
574 1076 812 1128 nondum
853 1078 1102 1130 caelestis
1140 1079 1294 1147 regia
1333 1079 1490 1149 signo

238 1146 444 1215 Sponte
482 1151 661 1219 tonat,
701 1154 895 1203 coeunt
932 1152 1084 1219 ipsae
1127 1152 1241 1204 sine
1279 1152 1498 1204 flamine
1535 1151 1707 1204 nubes

237 1222 647 1291 Accurruntque
686 1224 910 1277 imbres:
952 1225 1171 1294 Stygias
1211 1225 1422 1294 rupisse
1462 1227 1680 1278 catenas
1842 1238 1932 1279 915

236 1294 484 1363 Iapetum
523 1297 727 1349 victum
767 1302 862 1351 aut
901 1317 1096 1367 supera
1137 1299 1204 1351 ad
1245 1317 1482 1352 convexa
1518 1298 1689 1352 levari

237 1368 511 1421 Inarimen
550 1370 850 1424 Aetnamve
889 1377 1062 1441 putes.
1137 1371 1313 1425 Pudet
1351 1372 1460 1426 ista
1497 1373 1679 1425 timeri

238 1441 562 1514 Caelicolas3
603 1445 696 1497 sed
736 1463 857 1498 cum
896 1447 953 1498 in
992 1446 1168 1499 media
1203 1447 1473 1516 vertigine
1511 1446 1698 1499 mundi

239 1514 396 1570 Stare
434 1518 612 1571 virum
651 1519 979 1589 insanasque
1020 1521 1206 1573 vident
1244 1521 1530 1590 deposcere
1569 1537 1805 1590 pugnem,

236 1589 504 1644 Mirantur
542 1593 708 1645 tacite
748 1597 802 1646 et
841 1594 1004 1647 dubio
1042 1612 1141 1663 pro
1182 1594 1408 1646 fulmine
1446 1595 1672 1664 pallent.
1840 1607 1929 1648 920

237 1661 504 1733 Coeperat
544 1665 788 1735 Ogygiae
828 1686 990 1736 supra
1027 1667 1251 1737 fastigia
1289 1669 1456 1721 turris

236 1739 512 1791 Arcanum
550 1741 758 1809 mugire
796 1741 954 1810 polus
995 1742 1308 1811 caelumque
1346 1741 1587 1794 tenebris

236 1812 477 1864 Auferri:
517 1815 667 1865 tenet
705 1814 798 1866 ille
837 1817 1045 1885 tamen,
1085 1834 1216 1885 quas
1254 1833 1364 1868 non
1402 1815 1572 1884 videt,
1611 1832 1786 1880 arceS,

237 1884 585 1955 Fulguraque
627 1888 834 1941 attritis
875 1890 1124 1958 quotiens
1165 1890 1397 1942 micuere
1436 1889 1714 1959 procellis,

238 1958 391 2012 ‘His'
434 1961 535 2029 ait,
576 1960 660 2013 ‘in
700 1962 941 2031 Thebas,
979 1963 1066 2016 his
1106 1964 1216 2016 iam
1257 1963 1408 2016 decet
1445 1963 1662 2033 ignibus
1700 1963 1803 2032 uti,
1841 1974 1930 2016 925

238 2032 382 2087 Hinc
419 2052 680 2088 renovare
719 2036 863 2089 faces
903 2037 1211 2106 lassamque
1252 2037 1537 2090 accendere
1578 2034 1866 2105 quercum.'

238 2106 392 2160 Talia
432 2108 699 2161 dicentem
738 2113 858 2163 toto
897 2110 1026 2163 Iove
1064 2110 1271 2162 fulmen
1312 2111 1561 2163 adactum
1608 2157 1611 2159 .

359 2235 458 2273 924.
495 2229 819 2287 ‘Fulguraque
845 2258 899 2264 —
925 2231 1173 2287 procellis'
1208 2231 1466 2275 Isidorus
1500 2231 1557 2275 de
1581 2245 1736 2276 rerum
1758 2231 1931 2276 natura
2006 2270 2009 2274 Α

237 2301 274 2331 c.
310 2293 366 2332 30
397 2303 442 2344 p.
476 2292 532 2332 55
564 2288 616 2334 B.

358 2402 445 2443 904
485 2398 724 2443 continere
755 2404 788 2441 P
826 2400 841 2455 ΙΙ
881 2405 966 2444 906
1005 2399 1189 2444 Fortius
1221 2405 1254 2443 P
1284 2400 1470 2445 Fortior
1500 2402 1633 2447 ceteri
1657 2402 1665 2458 Ι
1691 2400 1928 2445 thalamos

238 2463 282 2501 M
322 2459 419 2502 edd.
459 2461 474 2515 ΙΙ
514 2463 598 2502 909
648 2457 774 2511 Quae
813 2472 909 2502 non
947 2463 1019 2501 PB
1053 2474 1129 2516 pr.
1161 2474 1216 2504 m.
1257 2462 1272 2516 ΙΙ
1311 2464 1396 2504 915
1428 2457 1928 2516 Adcurrumqueinres·

239 2560 413 2628 scytias
445 2566 478 2604 P
501 2564 516 2619 ΙΙ
540 2566 626 2606 916
660 2563 743 2605 aut
771 2560 951 2605 victum
982 2566 1101 2605 PSH
1133 2565 1215 2607 aut
1244 2562 1421 2607 victam
1451 2567 1538 2606 ΒΜ
1570 2563 1652 2607 aut
1681 2519 1827 2608 vilbtaal'
1845 2532 1929 2606 ηιξ*

236 2622 447 2664 vinctam
478 2625 513 2663 G
545 2620 832 2677 Peyraredus
871 2621 1088 2677 Iapeton,
1128 2621 1304 2666 victam
1342 2622 1566 2667 Barthius
1606 2621 1803 2677 victum,
1843 2620 1930 2666 aut

237 2681 404 2736 scripsi
423 2681 439 2737 ΙΙ
464 2684 548 2724 917
581 2679 740 2723 timeri
769 2684 801 2722 P
832 2678 998 2723 timere
1031 2682 1164 2725 ceteri
1186 2681 1200 2737 ΙΙ
1225 2686 1310 2726 920
1342 2681 1486 2725 tacite
1517 2686 1550 2724 P
1581 2680 1719 2725 taciti
1747 2683 1881 2726 ceteri

238 2737 372 2782 dubii
403 2744 435 2781 Τ
473 2739 712 2784 Bentleius
739 2744 744 2790 1
771 2738 953 2795 pallent
983 2745 1016 2782 P
1054 2739 1264 2796 pendent
1303 2742 1438 2785 ceteri
1467 2741 1482 2798 {1
1513 2745 1598 2784 924
1637 2738 1816 2792 attristi
1847 2744 1880 2783 P

237 2797 473 2854 procellae
498 2802 530 2841 P
553 2799 568 2854 ΙΙ
592 2802 679 2842 926
702 2797 854 2841 facem
877 2813 919 2841 m
943 2800 1039 2843 edd.
1071 2801 1076 2855 Ι
1105 2812 1376 2854 cassamque
1396 2801 1470 2856 (=
1489 2798 1759 2855 extinctam)
1777 2798 1925 2844 Hein-
2007 2830 2013 2837 -

235 2858 332 2901 sius
355 2858 371 2913 ΙΙ
395 2862 479 2902 927
504 2870 594 2914 sqq.
631 2856 697 2912 Of.
733 2857 867 2914 δορὴ.
897 2859 1052 2915 Antiy.
1081 2861 1169 2903 127
1185 2872 1275 2914 sqq.
1299 2858 1469 2915 Eurip.
1499 2858 1670 2902 Phoen.
1697 2862 1819 2903 1180
1832 2871 1926 2916 sqq.
