1942 3190
162 199 228 250 18
729 203 780 247 Ρ.
811 202 1042 248 PAPINII
1074 204 1276 250 STATII

154 319 321 386 Nate,
359 323 499 376 feres
541 323 868 392 comitesque
907 325 1084 378 modis
1123 326 1409 380 imitabere
1449 328 1611 401 fictis,
1761 345 1850 387 340

155 393 241 448 Ne
280 399 333 449 te
375 399 684 466 suspectum
723 398 877 450 molli
915 416 1028 451 non
1066 400 1293 454 misceat
1332 402 1486 455 aulae

154 468 355 523 Rector
395 474 449 523 et
487 471 689 540 incepti
726 475 954 540 pereant
992 474 1272 528 mendacia
1311 475 1476 529 furti?

153 542 304 597 Dicit
344 548 398 597 et
430 545 648 598 admoto
688 563 797 599 non
837 550 1015 599 cessat
1054 565 1265 601 comere
1304 552 1470 603 tactu.

155 616 244 671 Sic
283 619 377 672 ubi
414 620 672 690 virgineis
711 618 918 673 Hecate
955 621 1159 674 lassata
1198 621 1499 693 Therapnis

153 691 241 744 Ad
279 696 491 762 patrem
528 693 861 763 fratremque
900 695 1063 764 redit,
1101 714 1279 749 comes
1318 698 1509 751 haeret
1547 699 1696 752 eunti
1761 714 1848 755 345

152 764 329 819 Mater
369 770 424 820 et
459 767 582 836 ipsa
619 786 836 821 umeros
877 771 1165 838 exertaque
1203 771 1426 824 brachia
1463 772 1635 842 velat5

151 840 281 910 Ipsa
320 860 505 895 arcum
542 841 931 911 pharetrasque
970 843 1115 896 locat
1152 847 1464 914 vestemque
1503 845 1766 900 latentem

151 916 385 970 Deducit
424 934 749 987 sparsosque
788 919 964 981 tumet
1002 934 1322 986 componere
1362 920 1550 973 crines.

300 991 559 1044 Protinus
593 990 908 1061 aggreditur
937 1007 1122 1060 regem
1161 995 1323 1061 atque
1363 993 1442 1046 ibi
1471 994 1704 1048 testibus
1737 995 1847 1049 aris
1917 1011 1922 1014 ’

153 1065 326 1119 ‘Hanc
365 1065 488 1117 tibi'
530 1066 623 1136 ait,
656 1064 850 1119 ‘nostri
881 1081 1210 1134 germanam,
1248 1069 1439 1136 rector,
1476 1067 1712 1122 Achillis
1758 1082 1846 1123 350

151 1138 370 1210 (Nonne
410 1139 582 1209 videS,
620 1143 681 1193 ut
718 1140 877 1191 torva
918 1156 1086 1208 genas
1128 1141 1512 1210 aequandaque
1551 1141 1772 1214 fratri?)

150 1214 459 1267 Tradimus:
500 1232 650 1266 arma
688 1213 889 1267 umeris
931 1231 1219 1283 arcumque
1259 1215 1504 1268 animosa
1541 1217 1765 1284 petebat

148 1288 310 1341 Ferre
351 1291 405 1340 et
442 1287 739 1340 Amazonio
782 1287 1012 1340 conubia
1050 1288 1250 1356 pellere
1289 1289 1413 1342 ritu.

149 1361 254 1416 Sed
293 1362 428 1414 mihi
468 1380 717 1414 curarum
757 1360 890 1412 satis
933 1364 1014 1413 est
1051 1379 1150 1430 pro
1193 1362 1362 1431 stirpe
1401 1363 1567 1416 virili:

146 1436 297 1490 Haec
338 1436 583 1489 calathos
625 1439 679 1489 et
719 1453 874 1489 sacra
911 1435 1076 1503 ferat,
1113 1439 1174 1487 tu
1212 1435 1404 1506 frange
1443 1438 1681 1506 regendo
1756 1451 1845 1492 355

146 1510 442 1564 Indocilem
482 1529 716 1580 sexuque
754 1513 900 1577 tene,
941 1509 1068 1561 dum
1105 1509 1310 1563 nubilis
1351 1513 1501 1563 aetas

148 1584 552 1654 Solvendusque
592 1584 791 1653 pudor3
831 1601 965 1636 neve
1006 1601 1251 1636 exercere
1290 1588 1574 1652 protervas

147 1658 458 1728 Gymnadas
499 1662 592 1711 aut
631 1659 821 1710 lustris
860 1675 1143 1710 nemorum
1183 1659 1411 1711 concede
1449 1659 1652 1728 vagari.

144 1732 298 1785 Intus
340 1732 424 1784 ale
465 1736 518 1784 et
558 1732 758 1784 similes
798 1733 940 1784 inter
980 1731 1191 1783 seclude
1229 1733 1460 1801 puellas3

144 1806 329 1859 Litore
368 1806 656 1875 praecipue
695 1809 959 1875 portuque
1000 1823 1179 1858 arcere
1219 1810 1504 1859 memento,
1751 1822 1838 1862 360

144 1880 347 1933 Vidisti
386 1880 545 1932 modo
584 1880 707 1933 vela
747 1879 1047 1949 Phrygum:
1085 1879 1197 1932 iam
1235 1883 1424 1934 mutua
1463 1881 1583 1934 iura

146 1954 361 2008 Fallere
400 1955 751 2007 transmissae
790 1954 985 2024 pelago
1027 1953 1259 2007 didicere
1300 1954 1549 2010 carinae?

294 2029 520 2082 Accedit
560 2028 717 2081 dictis
756 2031 911 2097 pater
949 2029 1272 2098 ingenioque
1310 2029 1552 2097 parentis

262 2191 305 2220 v.
340 2179 440 2219 344.
479 2174 734 2219 Lactant.
769 2173 829 2217 ad
861 2172 1007 2217 Theb.
1039 2173 1105 2216 III
1135 2177 1221 2216 422
1253 2188 1296 2229 p.
1331 2178 1413 2217 102
1446 2171 1602 2218 Lind.:
1639 2174 1712 2219 ‘ut
1733 2174 1835 2232 ipse

144 2233 281 2278 alibi:
313 2230 492 2278 Hecate
523 2234 625 2290 (om.
649 2233 704 2276 L.
739 2234 868 2276 ecate
899 2233 996 2276 eod.
1025 2231 1178 2278 Paris.
1204 2235 1330 2276 8063
1363 2232 1527 2277 echate
1553 2233 1648 2278 cod.
1678 2233 1837 2280 Paris,

142 2297 287 2349 8064)
317 2293 494 2339 lassata
524 2291 785 2350 Therapnis
817 2291 1108 2349 (Theramnis
1138 2291 1233 2348 L.)’

262 2418 349 2457 340
380 2426 534 2458 versus
564 2414 617 2457 in
648 2417 684 2455 G
707 2426 783 2469 pr.
808 2426 866 2457 m.
891 2411 1094 2466 omissus,
1125 2410 1203 2454 sed
1225 2410 1319 2453 ima
1336 2410 1519 2466 pagina
1543 2409 1806 2466 adscriptus
1819 2410 1837 2470 ss

141 2477 227 2516 343
261 2472 389 2517 Dicit
419 2477 457 2515 A
487 2478 519 2515 L
550 2472 682 2516 Dixit
712 2476 758 2514 M
801 2473 806 2528 Ι
850 2471 993 2515 distat
1031 2483 1211 2515 comere
1243 2473 1276 2511 P
1314 2470 1330 2525 ΙΙ
1375 2473 1463 2512 344
1502 2467 1765 2525 therapinis
1801 2472 1836 2512 P

140 2531 372 2589 pharetris
405 2533 550 2587 ceteri,
583 2545 697 2577 corr.
736 2530 1123 2575 Mitscherliehius
1153 2528 1310 2581 (Hom.
1349 2529 1500 2585 hymn.
1540 2528 1594 2572 in
1635 2526 1836 2573 Cererem

133 2606 184 2649 p.
218 2594 309 2637 147
329 2595 443 2648 sqq.)
473 2596 651 2635 secutus
673 2591 807 2635 schol.
834 2591 895 2634 ad
922 2589 1054 2632 Theb.
1083 2587 1188 2631 III
1207 2590 1318 2643 422,
1347 2588 1428 2643 qui
1457 2591 1665 2632 nostrwm
1689 2587 1835 2631 locum

140 2652 350 2707 respexit.
402 2650 469 2706 Cf.
499 2651 665 2694 Philol.
696 2648 944 2693 XXXIV
962 2663 1012 2704 p.
1035 2651 1125 2692 484
1148 2661 1192 2690 n.
1213 2650 1278 2691 26
1301 2648 1316 2703 ss
1340 2651 1425 2690 347
1451 2646 1560 2703 Ipsa
1582 2658 1695 2691 arcu
1717 2645 1833 2702 pha-

144 2711 359 2766 retraque
383 2710 512 2755 levat
529 2710 809 2754 Schraderus
836 2710 842 2765 Ι
870 2709 1137 2763 vestemque
1168 2705 1394 2750 latentem
1418 2710 1451 2747 P
1497 2706 1744 2760 vestesque
1767 2704 1834 2749 la-

139 2771 295 2815 tentes
327 2770 461 2814 ceteri
489 2768 493 2827 Ι
520 2769 716 2813 fluentes
748 2768 954 2812 Koehius
977 2768 992 2824 ΙΙ
1023 2769 1108 2810 348
1146 2766 1300 2809 tumet
1338 2765 1688 2809 emendaverunt
1718 2763 1835 2808 Gro-

141 2830 305 2873 novius
338 2828 562 2873 Heinsius
604 2829 823 2871 Menkius
853 2826 990 2870 timet
1012 2830 1045 2868 P
1068 2825 1196 2869 Leid.
1239 2825 1395 2868 studet
1427 2823 1559 2867 ceteri
1592 2822 1598 2880 Ι
1641 2821 1834 2867 Diducit

143 2901 448 2944 sparsumque
479 2888 632 2932 tumet
664 2900 938 2943 componere
971 2884 1144 2929 crinem
1167 2883 1391 2927 Heinsius
1430 2883 1445 2939 ΙΙ
1483 2886 1567 2926 351
1601 2895 1738 2925 cenas
1768 2880 1834 2940 ΡΗ

143 2951 228 2992 356
262 2961 463 3003 sexuque
495 2951 628 3000 PPcp
661 2959 908 3002 sexumque
941 2943 1051 2986 (ΡΜ
1078 2945 1083 3001 Ι
1111 2947 1195 2987 357
1231 2955 1442 2987 exercere
1475 2942 1683 2985 catervas
1715 2943 1748 2982 P
