2008 3198
705 167 1049 214 THEBAIDOS
1082 168 1191 213 LIB.
1223 167 1302 213 VI.
1745 168 1851 221 145

164 292 270 348 Seu
287 292 620 363 Tyrrhenam
644 291 892 360 hiemem,
919 308 1013 344 seu
1039 292 1235 359 stagna
1252 289 1472 359 Aegaea
1494 289 1778 358 lacessant,
1795 302 1852 342 20

164 366 480 438 Tranquillo
519 366 670 435 prius
712 364 1023 418 arma-lacu
1062 365 1378 433 clavumque
1415 364 1667 432 levesque

162 439 470 512 Explorant
507 457 686 493 remos
727 442 886 508 atque
924 439 1046 507 ipsa
1083 438 1323 508 pericula
1361 437 1600 506 discunt3

163 514 242 568 At
273 533 394 568 cum
427 517 651 583 experta
682 513 890 582 cohors,
920 515 1050 566 tunc
1081 514 1311 582 pontum
1343 512 1652 580 inrumpere
1683 511 1855 565 fretae

163 588 404 658 Longius
446 591 763 657 ereptasque
804 586 974 640 oculis
1014 604 1125 639 non
1164 603 1416 654 quaerere
1455 587 1645 638 terras,

238 661 401 716 Clara
438 660 761 715 laboriferos
802 661 952 714 caelo
992 659 1250 713 Tithonia
1289 677 1474 712 currus
1796 672 1853 713 25

163 735 454 789 Extulerat
493 735 794 805 vigilesque
834 734 963 787 deae
1001 733 1260 802 pallentis
1299 733 1541 786 habenas

162 810 237 864 Et
274 808 400 863 Nox
439 811 493 862 et
531 827 696 863 cornu
734 808 983 878 fugiebat
1023 806 1252 861 Somnus
1291 807 1461 875 inani3

167 884 285 938 Iam
325 883 586 954 plangore
622 883 765 951 viae,
806 882 1014 951 gemitu
1051 881 1162 934 iam
1200 881 1350 951 regia
1387 881 1565 950 mugit

163 957 412 1026 Flebilis,
451 959 701 1026 acceptos
740 957 903 1026 longe
941 973 1166 1009 nemora
1205 955 1327 1008 avia
1365 954 1627 1024 frangunt

164 1031 640 1102 Multiplicantque
680 1048 858 1084 sonos,
937 1028 1100 1083 Sedet
1138 1029 1255 1098 ipse
1296 1031 1488 1081 exutus
1527 1029 1738 1082 honoro
1800 1042 1858 1082 30

163 1104 444 1159 Vittarum
482 1123 623 1157 nexu
661 1105 876 1174 genitor
915 1103 1321 1173 squalentiaque
1362 1121 1456 1156 ora

167 1177 397 1248 Sparsus
438 1182 493 1232 et
530 1179 793 1232 incultam
830 1178 988 1231 ferali
1026 1178 1249 1247 pulvere
1287 1177 1530 1230 barbam.

168 1251 430 1322 Asperior
469 1256 658 1306 contra
694 1253 1050 1322 planctusque
1092 1268 1311 1321 egressa
1349 1250 1534 1303 viriles

166 1326 434 1396 Exemplo
473 1326 708 1379 famulas
748 1326 948 1395 premit
984 1326 1338 1394 hortaturque
1377 1325 1620 1377 volentes

169 1398 318 1453 Orba
355 1418 574 1468 parenS,
613 1400 927 1468 lacerasque
967 1417 1129 1468 super
1167 1416 1517 1467 prorumpere
1556 1397 1675 1450 nati
1803 1410 1859 1450 35

168 1472 450 1543 Reliquias
491 1472 645 1525 ardet
683 1473 992 1541 totiensque
1032 1473 1221 1526 avulsa
1259 1471 1503 1524 refertur.

170 1546 338 1600 Arcet
375 1550 430 1599 et
468 1547 584 1615 ipse
623 1549 794 1616 pater.
870 1545 999 1599 Mox
1036 1549 1098 1598 ut
1137 1546 1436 1598 maerentia
1474 1544 1651 1613 dignis

173 1619 434 1674 Vultibus
475 1619 685 1673 Inachii
723 1622 1075 1689 penetrarunt
1115 1619 1306 1672 limina
1342 1636 1520 1688 regeS,

177 1691 288 1747 Ceu
326 1712 466 1748 nova
504 1697 636 1747 tunc
676 1694 851 1747 clades
892 1698 945 1747 et
983 1693 1159 1762 primo
1200 1693 1412 1746 saucius
1451 1692 1631 1744 infans

169 1766 407 1821 Vulnere
446 1768 694 1822 letalisve
733 1768 1065 1836 inrumperet
1105 1767 1244 1820 atria
1285 1784 1504 1836 serpens
1514 1807 1528 1836 ,
1805 1779 1862 1819 40

174 1839 262 1894 Sic
303 1841 470 1893 alium
511 1859 576 1894 ex
615 1841 721 1894 alio
762 1859 1091 1910 quamquam
1131 1841 1337 1893 lassata
1373 1839 1647 1909 fragorem

172 1913 404 1968 Pectora
442 1915 849 1983 congeminant,
888 1914 1268 1983 integratoque
1307 1913 1573 1966 resultant

171 1987 445 2041 Accensae
485 1988 719 2041 clamore
758 1988 924 2057 fores3
966 2005 1181 2040 sensere
1220 1987 1439 2056 Pelasgi

173 2060 439 2114 Invidiam
479 2065 532 2114 et
571 2062 808 2115 lacrimis
849 2064 1107 2115 excusant
1147 2060 1349 2114 crimen
1388 2060 1609 2113 obortis,

246 2135 395 2204 Ipse,
436 2135 622 2188 datum
663 2133 912 2205 quotiens
951 2135 1317 2204 intereisoque
1356 2133 1596 2186 tumultu
1807 2145 1863 2187 45

174 2205 450 2262 Conticuit
489 2209 796 2278 stupefacta
836 2209 1049 2278 domus,
1091 2209 1298 2262 solatur
1336 2207 1604 2261 Adrastus

175 2281 447 2352 Alloquiis
489 2283 791 2351 genitorem
827 2284 996 2352 ultro,
1035 2301 1177 2335 nunc
1215 2283 1332 2335 fata
1369 2299 1654 2335 recensens

176 2354 390 2424 Resque
428 2356 708 2409 hominum
748 2357 909 2411 duras
950 2361 1005 2409 et
1043 2356 1376 2410 inexorabile
1414 2374 1665 2425 pensum,

174 2426 332 2482 Nunc
372 2429 535 2482 aliam
574 2431 780 2499 prolem
820 2449 1181 2500 mansuraque
1220 2429 1441 2483 numine
1482 2429 1667 2483 dextro

175 2500 427 2572 Pignora.
473 2502 728 2557 Nondum
759 2506 897 2557 orsis
931 2505 1139 2573 modus,
1171 2508 1224 2556 et
1247 2505 1488 2557 lamenta
1511 2503 1775 2556 redibant.
1808 2514 1864 2555 50

178 2574 303 2643 [Ille
339 2593 533 2643 quoque
570 2578 782 2644 adfatus
817 2596 923 2632 non
961 2578 1169 2647 mollius
1206 2579 1355 2631 audit
1390 2578 1603 2645 amico-9,

295 2711 351 2750 20
383 2707 618 2750 lacessant
640 2712 716 2750 PG
745 2708 886 2754 Rem».
912 2709 982 2753 οδ
1017 2708 1149 2754 Leia.
1181 2707 1419 2752 lacessunt
1450 2707 1596 2749 6²81!
1628 2705 1867 2748 lacescunt

144 2767 149 2776 ¹
177 2767 211 2807 B
232 2766 250 2821 ΙΙ
273 2769 328 2809 25
361 2763 499 2809 Clara
530 2764 612 2808 ubi
643 2765 860 2811 roriferos
891 2767 1219 2812 Lachmawnus
1241 2768 1257 2824 ΙΙ
1281 2772 1336 2814 30
1368 2766 1543 2825 honore
1569 2769 1600 2806 P
1623 2763 1762 2807 Behh.
1788 2777 1864 2820 pr.

178 2836 236 2868 m.
267 2825 284 2880 ΙΙ
315 2829 371 2868 35
411 2837 710 2882 prorumpere
749 2830 827 2868 PG
865 2828 959 2872 cod.
995 2826 1184 2871 Heinsii
1221 2826 1523 2884 procumbere
1554 2823 1719 2879 reliqui
1755 2822 1772 2879 fl
1808 2827 1863 2867 41

181 2879 367 2939 fragore
406 2888 438 2926 P
475 2886 491 2940 ΙΙ
528 2898 594 2929 vv.
638 2887 830 2929 51-—53
875 2898 959 2930 om.
998 2889 1054 2937 Ρ,
1103 2886 1250 2931 adscr.
1291 2887 1350 2930 al.
1383 2899 1439 2930 m.
1489 2881 1710 2926 deficiunt
1756 2882 1864 2931 tres,

267 2963 406 2997 SrA'rn
430 2966 621 2998 Tannus.
1456 2962 1509 3001 10
