2028 3190
241 144 349 198 298
820 144 871 190 Ρ.
903 142 1134 190 PAPINII
1165 143 1358 191 STATII

246 263 414 319 ‘Hac'
456 266 558 336 ait,
599 265 676 319 ‘in
709 265 947 334 ThebaS‚
985 265 1089 319 hac
1127 283 1213 318 me
1252 265 1405 319 iubet
1445 265 1611 319 ardua
1642 265 1814 320 virtus
1847 278 1934 320 845

242 340 351 408 Ire,
390 338 680 394 Menoeceo
722 358 828 410 qua
864 339 1074 392 lubrica
1113 340 1375 408 sanguine
1414 340 1594 393 turris

240 413 527 483 Experiar,
572 414 699 484 quid
741 432 894 467 sacra
933 413 1140 482 iuvent,
1181 431 1251 466 an
1288 414 1458 466 falsus
1498 411 1732 482 Apoll0.'

241 486 411 556 Dicit,
453 491 507 541 et
546 489 758 541 alterno
801 487 1015 556 captiva
1053 487 1111 540 in
1148 488 1364 541 moenia
1405 504 1605 558 gressu

247 559 432 630 Surgit
472 580 662 615 ovans:
703 562 889 632 quales
929 561 1121 615 mediis
1160 561 1217 614 in
1254 561 1491 614 nubibus
1532 561 1716 615 aether

243 634 401 689 Vidit
439 635 689 704 Aloidas,
729 654 851 690 cum
891 637 1156 688 cresceret
1194 635 1364 704 impia
1402 635 1566 688 tellus
1848 646 1936 689 850

239 709 576 779 Despectura
616 710 743 764 deos
782 728 880 763 nec
921 709 1094 762 adhuc
1132 709 1368 762 immane
1408 709 1616 762 veniret

238 782 434 837 Pelion
473 788 527 837 et
564 784 836 853 trepidum
874 784 985 836 iam
1023 787 1276 853 tangeret
1314 781 1453 836 Ossa
1493 782 1813 837 Tonantem.

317 857 456 910 Tum
495 876 623 911 vero
665 858 885 911 attoniti
924 857 1161 910 fatorum
1200 858 1258 910 in
1297 857 1513 910 cardine
1553 874 1764 911 summo
1773 898 1788 927 ‚

242 929 353 985 Ceu
393 950 646 1001 suprema
684 933 800 985 lues
840 931 962 984 urbi
1002 931 1316 1000 facibusque
1355 930 1592 984 cruentis

241 1005 559 1074 Aequatura
599 1007 714 1059 solo
754 1009 931 1059 turres
971 1004 1203 1059 Bellona
1244 1005 1471 1072 subiret,
1845 1015 1931 1058 855
1989 1047 1999 1059 .

242 1078 506 1133 Omnibus
547 1098 574 1132 e
614 1081 773 1133 tectis
814 1079 1067 1133 certatim
1107 1079 1352 1148 ingentia
1393 1097 1523 1131 saxa

244 1153 571 1222 Roboraque
612 1157 666 1206 et
704 1153 910 1207 validas
951 1153 1147 1205 fundae
1186 1151 1431 1206 Balearis
1470 1152 1710 1204 habenas

243 1226 411 1296 (Nam
450 1227 640 1281 iaculis
682 1228 933 1296 caeloque
973 1227 1128 1297 vagis
1169 1244 1292 1295 spes
1332 1225 1471 1279 unde
1513 1222 1823 1296 sagittis?),

242 1300 447 1354 Verum
488 1300 630 1354 avidi
669 1305 943 1354 tormenta
981 1303 1168 1353 rotant
1208 1305 1262 1353 et
1301 1300 1539 1352 molibus
1579 1301 1792 1368 urgent.

241 1375 345 1428 Ille
382 1393 482 1428 nec
520 1375 747 1445 ingestis
786 1393 884 1429 1160
922 1378 1078 1443 terga
1117 1373 1468 1443 sequentibus
1507 1389 1766 1442 umquam
1845 1384 1934 1427 860

241 1448 560 1502 Detrahitur
599 1450 748 1519 telis,
787 1466 1061 1517 vacuoque
1101 1448 1200 1500 sub
1242 1466 1364 1500 aere
1402 1446 1641 1516 pendens

242 1523 414 1575 Plana
453 1523 603 1576 velut
641 1526 789 1577 terra
829 1526 1004 1576 certus
1045 1521 1277 1590 vestigia
1315 1522 1473 1591 figat,

244 1596 443 1650 Tendit
482 1600 536 1649 et
575 1597 788 1667 ingenti
829 1597 976 1649 subit
1015 1599 1326 1649 oecurrente
1365 1595 1548 1647 ruina:

242 1671 437 1723 Amnis
476 1674 537 1723 ut
574 1671 890 1724 incumbens
931 1669 1186 1740 longaevi
1223 1669 1422 1722 robora
1460 1667 1642 1736 pontis

243 1744 499 1797 Adsiduis
541 1747 821 1814 oppugnat
860 1744 1038 1813 aquis3
1078 1743 1188 1796 iam
1230 1761 1361 1795 saxa
1398 1741 1660 1794 fatiscunt
1847 1752 1933 1794 865

242 1816 582 1888 Emotaeque
620 1819 827 1871 trabes:
868 1820 1025 1871 tanto
1066 1816 1358 1870 violentior
1394 1815 1489 1868 ille

249 1890 451 1960 (Sentit
491 1889 657 1963 enim)
699 1893 905 1945 maiore
946 1891 1060 1944 salo
1102 1893 1431 1960 quassatque
1469 1888 1745 1957 trahitque

245 1964 448 2019 Molem
489 1983 731 2035 aegram,
769 1984 938 2019 nexus
979 1965 1147 2018 donec
1188 1965 1326 2017 celer
1366 1964 1548 2017 alveus
1589 1979 1775 2016 omnes

244 2039 495 2093 Abscidit
534 2043 590 2093 et
629 2058 789 2093 cursu
828 2040 1002 2093 victor
1039 2038 1277 2107 respirat
1317 2040 1519 2106 aperto.

245 2112 427 2182 thue
467 2114 643 2182 petita
683 2114 775 2166 diu
814 2113 986 2166 celsus
1026 2111 1254 2179 fastigia
1293 2129 1458 2179 supra
1845 2121 1933 2162 870

244 2186 492 2239 Eminuit
529 2187 902 2256 trepidamque
942 2187 1239 2254 adsurgens
1280 2184 1508 2251 desuper
1545 2181 1734 2234 urbem

243 2258 400 2312 Vidit
439 2264 494 2313 et
532 2260 742 2328 ingenti
782 2259 996 2311 Thebas
1036 2257 1296 2311 exterruit
1336 2257 1548 2322 umbra,

246 2332 498 2402 Increpat
538 2333 824 2386 attonitos:
866 2331 1205 2385 ‘Humilesne
1244 2330 1572 2400 Amphionis
1613 2346 1785 2398 arces,

363 2454 449 2494 845
481 2448 610 2493 Haec
642 2453 675 2490 P
701 2450 708 2502 1
734 2447 853 2492 haec
883 2452 915 2490 P
946 2449 961 2504 ΙΙ
996 2451 1082 2492 847
1113 2445 1256 2503 fallis,
1288 2447 1348 2492 al.
1380 2459 1438 2490 m.
1470 2458 1702 2501 suprascr.
1733 2445 1755 2487 1
1785 2442 1932 2488 falsus

244 2514 278 2553 P
300 2510 316 2565 ΙΙ
339 2513 425 2554 848
456 2507 582 2552 Dicit
613 2511 686 2550 PB
699 2507 873 2550 G280G
904 2505 1034 2551 Dixit
1057 2510 1103 2549 Μ
1133 2507 1231 2551 edd.
1258 2507 1314 2561 cf.
1349 2505 1425 2550 VI
1445 2509 1536 2552 798
1559 2506 1574 2562 ΙΙ
1598 2508 1685 2548 854
1717 2515 1935 2560 suprema

246 2567 347 2613 dies
393 2568 629 2613 Bentleius
656 2568 661 2622 Ι
689 2565 795 2609 urbi
841 2571 873 2608 P
920 2566 1103 2623 Anylic.
1150 2565 1341 2610 Heinsii
1392 2564 1558 2608 urbem
1600 2561 1756 2606 3⁶²1
1792 2565 1808 2619 ΙΙ
1846 2566 1931 2607 857

246 2626 431 2671 validas
461 2631 494 2670 P
535 2625 756 2684 gravidas
795 2626 929 2670 ceteri
962 2626 977 2681 ΙΙ
1013 2629 1098 2670 858
1140 2638 1245 2681 spes
1285 2637 1380 2667 una
1408 2627 1442 2666 B
1474 2623 1616 2668 Behh.
1657 2634 1763 2678 spes
1801 2619 1934 2664 nulla

247 2690 373 2729 ΒΗΤ
397 2686 495 2731 edd.
521 2689 621 2731 vett.
647 2686 663 2741 ΙΙ
685 2687 772 2728 859
805 2683 934 2728 avidi
964 2686 1201 2729 tormenta
1224 2687 1339 2726 PTL
1366 2681 1497 2726 avidi
1520 2682 1568 2725 et
1590 2682 1725 2724 torm.
1749 2678 1903 2722 Bam
1921 2680 1932 2736 ξ’

247 2748 333 2790 863
382 2743 538 2789 subito
577 2748 610 2787 P
646 2744 663 2799 ΙΙ
701 2746 787 2787 867
838 2742 991 2786 Sentit
1029 2747 1061 2785 P
1110 2741 1271 2787 Saevit
1309 2741 1445 2787 ceteri
1470 2741 1476 2799 Ι
1512 2739 1935 2795 Interpunctionem

246 2805 423 2849 correxi
452 2805 468 2861 ΙΙ
499 2808 584 2848 873
618 2799 845 2846 attonitos
879 2801 1170 2857 humilesque
1203 2800 1256 2844 A.
1291 2812 1445 2843 arces:
1476 2799 1742 2843 Koestlinus
1771 2797 1933 2841 Haene

247 2860 359 2906 illae
391 2862 445 2907 A.
480 2875 608 2907 arces
640 2861 867 2907 Barthius
898 2861 1023 2905 artes
1058 2860 1348 2917 Peyraredus
