2008 3198
691 199 1032 246 THEBAIDOS
1063 201 1174 248 LIB.
1207 201 1284 246 IV.
1765 203 1836 256 93

150 322 294 377 Hinc
333 325 495 393 atque
535 321 659 374 inde
698 339 882 376 morae
920 322 1136 392 iaculis,
1175 325 1230 375 et
1266 321 1442 376 ferrea
1480 340 1640 376 curru
1752 336 1838 377 220

150 396 303 452 Silva
338 397 548 464 tremit3
586 396 775 465 procul
812 395 928 465 ipse
968 396 1123 465 gravi
1161 396 1480 450 metuendus
1518 397 1577 450 in
1613 396 1775 450 hasta

150 470 373 524 Eminet
412 473 467 524 et
505 469 674 538 clipeo
713 469 917 523 victum
953 469 1206 538 Pythona
1245 473 1504 524 coruscat.

149 544 326 598 Huius
365 544 686 613 Apollineae
725 561 939 596 currum
978 544 1309 597 comitantur
1348 543 1631 613 Amyclae,

147 617 297 681 Quos
334 617 504 671 Helos
543 619 598 670 et
635 616 811 670 dubiis
850 616 1031 670 Malea
1072 617 1247 670 vitata
1286 617 1484 670 carinis

150 690 546 761 plaudentique
584 690 794 744 habiles
835 689 1039 759 Caryae
1077 707 1334 744 resonare
1371 689 1603 760 Dianae,
1754 703 1840 743 225

149 764 298 828 Quos
330 762 523 818 Pharis
554 764 941 833 volucrumque
972 781 1168 833 parens
1202 762 1493 833 Cythereia
1524 764 1726 834 Messe,

800 856 830 888 *
979 855 1009 887 *
1158 855 1189 887 *

153 912 491 982 Taygetique
529 911 768 981 phalanx
807 914 862 964 et
899 910 1138 964 oloriferi
1175 909 1416 964 Eurotae

150 985 302 1039 Dura
338 1003 546 1039 manus.
622 984 770 1038 Deus
813 985 931 1054 ipse
968 985 1113 1038 viros
1153 985 1212 1037 in
1249 985 1467 1053 pulvere
1506 984 1669 1038 crudo

150 1059 321 1112 Arcas
361 1060 463 1112 alit
499 1058 780 1128 nudaeque
819 1058 1007 1112 modos
1047 1058 1266 1111 virtutis
1307 1061 1362 1111 et
1399 1058 1508 1112 iras

147 1131 461 1203 Ingenerat3
500 1133 660 1204 vigor
697 1132 822 1186 inde
862 1132 1057 1185 animis
1099 1135 1154 1185 et
1192 1131 1385 1185 mortis
1423 1132 1664 1186 honorae
1756 1145 1843 1185 230

152 1205 325 1260 Dulce
364 1225 592 1260 sacrum.
669 1205 919 1259 Gaudent
955 1208 1211 1259 natorum
1247 1204 1366 1258 fata
1403 1209 1656 1275 parentes

150 1279 563 1349 Hortanturque
602 1280 764 1349 mori,
803 1280 1002 1333 deflent
1047 1279 1261 1348 iamque
1302 1280 1477 1332 omnis
1517 1279 1788 1349 ephebum

154 1352 359 1422 Turba,
399 1357 660 1407 coronato
700 1355 956 1406 contenta
996 1355 1078 1405 est
1114 1353 1302 1405 funere
1341 1356 1532 1406 mater.

151 1424 328 1480 Frena
365 1430 553 1480 tenent
591 1427 892 1496 duplexque
931 1427 1134 1479 inserto
1174 1426 1379 1478 missile
1414 1426 1556 1479 nodo
1566 1467 1582 1495 ,

151 1498 343 1554 Exerti
381 1501 628 1569 ingentes
666 1518 906 1569 umerOS,
946 1499 1193 1568 chlamys
1231 1499 1453 1552 horrida
1490 1499 1712 1569 pendet,
1759 1512 1843 1552 235

151 1571 228 1626 Et
266 1591 399 1627 cono
438 1573 679 1627 Ledaeus
719 1591 868 1642 apex.
945 1571 1071 1626 Non
1110 1571 1169 1625 hi
1207 1572 1312 1624 tibi
1351 1573 1549 1642 solum,

153 1645 507 1716 Amphiarae,
546 1649 776 1700 merent:
815 1649 978 1716 auget
1014 1646 1272 1715 resupina
1310 1646 1580 1715 maniplos

151 1717 294 1788 Elis,
334 1719 617 1790 depressae
656 1720 890 1790 populus
931 1720 1079 1773 subit
1117 1719 1299 1774 incola
1335 1719 1516 1789 Pisae,

154 1791 259 1855 Qui
297 1796 373 1862 te,
410 1794 572 1863 flave,
610 1796 803 1848 natant
840 1794 1024 1862 terriS,
1062 1793 1294 1863 Alphee,
1334 1792 1545 1847 Sicanis

154 1864 407 1936 Advena,
442 1869 558 1920 tam
589 1868 753 1937 longo
785 1885 895 1920 non
927 1884 1185 1936 umquam
1216 1866 1414 1919 infecte
1444 1865 1726 1935 profundo.
1759 1879 1846 1920 240

157 1937 417 1992 Curribus
456 1940 752 1993 innumeris
792 1940 904 1992 late
942 1939 1124 2008 putria
1163 1958 1292 1993 arva
1329 1940 1604 1993 lacessunt

156 2011 231 2065 Et
270 2012 427 2065 bellis
469 2017 714 2067 armenta
752 2013 997 2066 domant:
1039 2031 1102 2066 ea
1140 2012 1321 2082 gloria
1359 2012 1511 2082 genti

157 2084 389 2139 Infando
429 2086 493 2139 de
534 2104 683 2140 more
723 2091 777 2140 et
815 2086 1002 2140 fractis
1042 2086 1201 2140 durat
1241 2087 1310 2139 ab
1350 2104 1520 2155 usque

274 2206 374 2246 224.
412 2202 546 2257 ‘quos
573 2228 627 2234 —
653 2200 844 2245 carinis’
881 2200 1058 2246 schol.
1089 2201 1234 2246 Theb.
1273 2200 1376 2245 VIII
1407 2206 1494 2246 365
1526 2216 1570 2258 p.
1603 2206 1690 2246 289
1715 2199 1763 2245 L.
1791 2226 1845 2233 —

155 2263 244 2304 237
270 2274 334 2315 sq.
370 2261 535 2317 ‘auget
559 2287 613 2292 -
639 2259 738 2304 Elis
772 2259 926 2317 (Aeoli
958 2261 1124 2318 codd.)’
1160 2260 1334 2305 schol.
1367 2260 1511 2305 Theb.
1544 2259 1655 2304 VIII
1685 2264 1786 2305 364.

151 2377 282 2432 prob.
334 2376 563 2422 Gronovio
607 2377 883 2434 prensisque
930 2377 1093 2435 iugum
1137 2392 1197 2421 m.
1245 2377 1442 2422 habenis
1489 2378 1803 2423 Marklandus
1835 2378 1845 2434 {3

158 2438 258 2481 223
281 2448 371 2492 sqq.
414 2435 482 2491 Cf.
523 2436 660 2482 Hom.
698 2437 765 2482 Il.
805 2437 873 2480 II
910 2441 999 2482 581
1024 2451 1114 2494 sqq.
1198 2442 1285 2481 224
1315 2436 1451 2493 pylos
1482 2440 1611 2479 Pnu
1640 2435 1761 2493 pilos
1794 2451 1848 2479 cr

160 2491 330 2550 phylos
362 2497 398 2535 G
435 2493 589 2551 philes
621 2499 674 2539 Η.
718 2497 785 2540 In
822 2496 1004 2540 ‘nomine
1033 2509 1100 2539 me
1166 2509 1243 2540 um
1274 2496 1417 2541 inesse
1447 2497 1740 2550 manifestum
1771 2500 1846 2548 est,

157 2565 267 2596 nam
302 2551 431 2610 Pylii
461 2566 604 2610 supra
634 2568 674 2600 v.
706 2556 801 2600 125
832 2555 945 2600 duee
975 2555 1338 2611 Hippmnedonte
1369 2568 1501 2599 arma
1532 2555 1699 2612 cepisse
1729 2554 1845 2598 dice-

157 2610 351 2666 bantwr,
390 2611 555 2667 scripsi
592 2613 738 2668 iqitur
775 2627 832 2658 ex
862 2613 997 2658 Hom.
1025 2614 1088 2657 Il.
1116 2613 1185 2656 II
1203 2616 1292 2658 584
1322 2612 1466 2657 Helos
1499 2614 1530 2657 i.
1562 2627 1598 2658 e.
1630 2626 1687 2670 op
1721 2613 1848 2657 idum

156 2669 474 2726 Laconicum!
502 2668 657 2714 ditata
700 2673 832 2718 schol.
883 2671 1022 2716 VIII
1057 2674 1149 2716 365
1188 2673 1320 2728 prob.
1360 2671 1635 2717 Bao-manno
1716 2670 1849 2714 otata

162 2728 381 2774 Menkius
410 2729 427 2785 ΙΙ
460 2732 546 2772 226
591 2729 704 2774 ‘Hie
740 2744 894 2776 versus
931 2744 1053 2775 wnus
1092 2731 1236 2775 deesse
1265 2731 1444 2775 videtur
1477 2730 1804 2775 Lachmanmcs
1834 2730 1849 2787 {3

158 2790 246 2831 227
279 2788 327 2831 et
351 2785 561 2831 oloriferi
598 2787 788 2831 1’02n1.
826 2789 875 2834 et
914 2787 1115 2834 oliviferi
1152 2793 1241 2831 Bu
1279 2788 1574 2844 oliviferique
1616 2803 1639 2830 c
1669 2787 1781 2833 Βοὴ.
1814 2792 1847 2832 2

163 2846 202 2889 δ
241 2846 290 2890 et
328 2844 627 2901 oloriferique
667 2848 689 2889 t
726 2846 938 2893 olivifero
976 2863 999 2890 r
1050 2849 1098 2891 et
1137 2846 1391 2904 oliviferiq;
1432 2863 1463 2901 g
1496 2848 1510 2902 ΙΙ
1549 2851 1634 2891 232
1675 2844 1849 2891 deflent

159 2907 196 2945 1²
235 2902 377 2948 deflet
406 2906 539 2950 ceteri
561 2905 577 2960 ΙΙ
600 2909 685 2949 238
718 2905 945 2966 depr-ense
979 2911 1060 2951 Ρπ
1084 2907 1100 2963 ΙΙ
1123 2910 1207 2950 241
1240 2905 1396 2962 patria
1425 2910 1457 2947 P
