2008 3198
741 163 1084 209 THEBAIDOS
1115 163 1225 207 LIB.
1258 163 1335 208 VI.
1779 162 1885 215 149

200 283 429 340 Lernaei
466 303 716 355 proceres
726 327 741 355 ,
781 285 1109 354 genetricem
1148 284 1363 338 mollior
1403 283 1577 337 ambit

197 359 400 429 Turba,
437 378 536 413 nec
575 359 879 429 Hypsipyle
918 377 1040 412 raro
1082 359 1229 412 subit
1268 359 1506 429 agmine3
1545 358 1754 411 vallant
1803 370 1886 410 125

195 431 489 487 Inachidae
529 451 815 498 memores,
859 435 1167 487 sustentant
1204 433 1372 487 livida
1415 433 1532 496 nati

198 505 467 561 Bracchia
506 511 560 560 et
597 508 846 561 inventae
888 507 1185 561 concedunt
1222 507 1484 576 plangere
1523 506 1702 560 matri.

78 587 170 631 135
274 581 396 636 Illic
435 582 702 636 infaustos
741 584 803 633 ut
841 582 1078 650 primum
1118 598 1336 650 egressa
1374 583 1598 650 penates

197 654 492 726 Eurydice,
531 655 675 708 nudo
714 673 901 709 vocem
942 655 1006 707 de
1044 658 1261 723 pectore
1300 654 1506 723 rumpit

197 730 533 799 Planctuque
574 733 628 783 et
668 728 844 799 longis
884 728 1131 800 praefata
1168 729 1471 781 ululatibus
1510 727 1655 780 infit:
1806 741 1890 781 130

201 802 344 857 ‘Non
382 804 488 858 hoc
526 802 855 874 Argolidum
895 806 1049 856 coetu
1090 803 1420 856 circumdata
1458 804 1695 855 matrum

201 876 424 946 Speravi
461 881 538 947 te,
578 880 725 947 nate,
766 877 940 948 sequi,
978 895 1077 930 nec
1117 877 1250 930 talia
1290 877 1508 930 demens

79 958 169 1002 140
199 951 499 1023 Fingebam
530 952 671 1005 votis
713 970 979 1005 annorum
1019 951 1285 1004 elementa
1322 954 1564 1018 tuorum,

199 1025 295 1079 Nil
336 1044 555 1080 saevum
593 1029 874 1095 reputans3
916 1025 1117 1078 etenim
1155 1025 1242 1077 his
1282 1025 1339 1077 in
1377 1025 1575 1077 finibus
1617 1024 1735 1077 aevi

199 1098 355 1153 Unde
397 1117 496 1170 ego
538 1100 682 1154 bella
720 1099 825 1153 tibi
865 1099 1188 1168 Thebasque
1227 1100 1420 1169 ignara
1458 1097 1742 1151 timerem?
1807 1109 1891 1150 135

201 1171 302 1227 Oui
342 1192 595 1243 superum
633 1177 823 1228 nostro
864 1174 1202 1227 committere
1243 1173 1507 1244 sanguine
1546 1189 1758 1241 pugnas

198 1246 407 1301 Dulce?
449 1249 569 1317 quis
609 1248 712 1301 hoc
752 1248 915 1301 armis
955 1248 1104 1300 vovit
1143 1247 1353 1300 scelus?
1402 1250 1458 1300 at
1495 1250 1593 1299 tua
1630 1245 1892 1316 nondum,

80 1328 169 1371 145
201 1318 419 1389 Cadme,
460 1322 667 1390 domus,
706 1322 886 1374 nullus
927 1321 1093 1390 Tyrio
1135 1338 1300 1391 grege
1338 1321 1620 1391 plangitur
1659 1319 1854 1374 infans·

198 1393 478 1448 Primitiae
520 1398 735 1464 egomet
773 1395 1119 1448 lacrimarum
1160 1398 1214 1448 et
1254 1395 1430 1448 caedis
1472 1395 1696 1447 acerbae

198 1468 344 1521 Ante
382 1469 543 1521 tubas
584 1468 893 1538 ferrumque
931 1469 1056 1536 tuli,
1097 1468 1226 1521 dum
1266 1468 1447 1521 deside
1487 1486 1616 1521 cura
1807 1481 1891 1521 140

200 1539 374 1595 Credo
416 1542 562 1595 sinus
601 1542 736 1596 fidos
779 1542 987 1595 altricis
1029 1545 1083 1594 et
1121 1543 1289 1594 ubera
1328 1542 1541 1595 mando.

199 1614 398 1677 Quidni
438 1616 577 1685 ego?
616 1616 876 1669 narrabat
916 1618 1190 1669 servatum
1228 1616 1416 1669 fraude
1454 1617 1739 1684 parentem

79 1698 170 1742 150
199 1688 556 1759 Insontesque
596 1708 803 1743 manus.
880 1689 990 1742 En!
1031 1707 1193 1759 quam
1232 1689 1402 1742 ferale
1440 1692 1694 1759 putemus

200 1763 493 1816 Abiurasse
534 1781 748 1816 sacrum
787 1767 840 1816 et
878 1763 1069 1816 Lemni
1109 1763 1405 1833 gentilibus
1444 1781 1609 1816 unam

197 1835 501 1889 Immunem
539 1837 717 1905 furiiS,
754 1837 889 1889 haec
927 1837 1024 1889 illa
1064 1835 1145 1906 (et
1177 1837 1394 1890 creditis
1435 1834 1638 1908 ausae),
1805 1849 1890 1890 145

198 1908 348 1963 Haec
387 1910 591 1978 pietate
630 1913 824 1979 potens
866 1910 994 1962 solis
1036 1910 1236 1963 abiecit
1273 1911 1330 1962 in
1370 1910 1514 1963 arvis

198 1981 324 2036 Non
362 2001 548 2054 regem
589 1983 993 2052 dominumque,
1035 1983 1239 2037 alienos
1279 1984 1450 2053 impia
1489 1986 1677 2052 partus
1689 2025 1704 2054 ‚

77 2067 168 2111 155
198 2055 320 2111 Hoc
358 2060 596 2126 tantum,
636 2058 906 2126 silvaeque
946 2057 1164 2110 infamis
1203 2058 1424 2111 tramite
1463 2058 1644 2126 liquit,

200 2130 371 2194 Quem
395 2150 504 2184 non
530 2132 723 2200 anguis
750 2135 906 2185 atrox
924 2130 1077 2201 (quid
1102 2132 1242 2184 enim
1261 2132 1364 2184 hac
1381 2150 1532 2201 OPUS,
1558 2131 1607 2184 ei
1624 2130 1774 2200 mihi,
1791 2131 1890 2185 leti

197 2203 342 2258 Mole
381 2204 572 2275 fuitP),
611 2208 825 2258 tantum
866 2205 1002 2258 caeli
1040 2205 1332 2259 violentior
1372 2223 1504 2258 aura
1806 2219 1889 2259 150

197 2277 574 2348 Impulsaeque
613 2283 744 2332 noto
785 2278 1000 2332 frondes
1042 2297 1332 2348 cassusque
1371 2279 1578 2332 valeret

198 2350 525 2406 Exanimare
563 2353 743 2406 timor.
817 2351 930 2405 Nec
970 2371 1067 2406 vos
1107 2353 1373 2406 incessere
1412 2354 1561 2405 luctu

78 2435 171 2479 160
202 2423 349 2477 Orba
386 2425 584 2495 habeo,
621 2426 789 2479 fixum
827 2426 991 2479 matri
1030 2426 1402 2497 inmotumque
1442 2426 1697 2502 manebat

323 2588 406 2627 135
454 2581 621 2640 ignora
658 2589 690 2627 P
729 2586 744 2642 11
786 2591 869 2630 145
894 2599 956 2643 sq.
1006 2587 1431 2642 Interpunctionem
1477 2600 1588 2632 corr.
1634 2587 1887 2633 Muellerus

199 2641 317 2686 haec
356 2641 443 2685 illa
479 2643 533 2685 ut
571 2644 702 2688 schol.
742 2643 858 2689 haec
890 2644 996 2700 illa,
1038 2647 1085 2688 et
1117 2644 1370 2699 credimus,
1412 2658 1526 2689 ausa
1558 2647 1630 2689 est
1659 2646 1887 2692 Barthius

197 2702 286 2745 hac
325 2699 411 2745 illa
450 2702 518 2758 (et
549 2701 740 2746 creditis
772 2707 980 2761 ausam‘?)
1014 2703 1102 2747 hac
1134 2702 1311 2760 pietate
1341 2706 1539 2761 potens?
1583 2704 1841 2749 Gronovius
1870 2706 1887 2765 ΙΙ

199 2765 283 2804 147
327 2759 658 2815 dominumque
689 2765 722 2803 P
753 2761 1052 2806 dominumve
1083 2763 1275 2806 BG²8M
1302 2766 1308 2819 Ι
1337 2762 1515 2807 alienus
1547 2768 1579 2805 P
1602 2765 1618 2819 ΙΙ
1645 2767 1726 2807 153
1760 2762 1886 2810 Orba

195 2832 300 2921 uffo
316 2824 360 2923 z?
389 2822 394 2875 Ι
423 2819 540 2864 abeo
575 2819 624 2876 (h
663 2823 795 2875 eras.)
826 2826 858 2864 P
889 2822 1007 2866 abeo
1039 2826 1072 2864 B
1097 2836 1172 2879 pr.
1205 2836 1262 2866 m.
1294 2822 1447 2866 habeo
1478 2821 1587 2864 3²11
1619 2835 1734 2867 aveo
1766 2825 1883 2868 coni.

259 2892 313 2923 ue
349 2892 453 2923 erus
