2008 3198
707 147 1051 193 THEBAIDOS
1082 147 1192 192 LIB.
1225 147 1258 192 Ι.
1802 151 1835 204 3

144 269 219 323 Et
259 269 447 323 Thetis
488 273 700 324 arentes
741 269 1024 323 adsuetum
1064 270 1328 340 stringere
1365 270 1510 339 ripas

148 343 379 397 Horruit
417 343 628 414 ingenti
668 345 973 398 venientem
1011 343 1264 397 Ismenon
1305 362 1512 398 acervo.
1781 360 1837 400 40

150 417 322 480 Quem
361 418 511 488 prius
550 418 798 486 heroum,
840 416 982 486 Clio,
1022 417 1214 471 dabis?
1255 418 1583 472 inmodicum
1620 418 1733 473 irae

146 491 368 561 Tydea?
408 492 666 561 laurigeri
707 492 913 544 subitos
955 510 1024 544 an
1063 492 1203 546 vatis
1242 491 1477 552 hiatus?

146 564 320 635 Urget
361 570 415 620 et
453 566 710 619 hostilem
749 566 1058 635 propellens
1099 565 1350 619 caedibus
1390 584 1603 620 amnem

146 638 417 692 Turbidus
457 639 860 709 Hippomedon,
898 639 1265 708 plorandaque
1304 640 1449 693 bella
1487 642 1731 709 protervi

149 713 388 767 Arcados
430 716 591 783 atque
632 713 739 766 alio
781 711 1063 782 Capaneus
1103 713 1326 766 horrore
1367 715 1650 768 canendus.
1779 729 1835 769 45

219 786 396 856 Impia
430 787 541 840 iam
578 787 774 840 merita
815 790 1087 840 scrutatus
1127 787 1335 840 lumina
1375 787 1564 842 dextra

140 860 407 915 Merserat
447 864 668 914 aeterna
708 861 1023 914 damnatum
1061 864 1218 914 nocte
1257 861 1518 932 pudorem

140 934 440 1005 Oedipodes
479 936 750 1006 longaque
791 935 1028 988 animam
1070 935 1169 988 sub
1210 938 1385 989 morte
1423 937 1660 990 tenebat.

137 1008 301 1062 Illum
341 1009 710 1079 indulgentem
749 1010 986 1062 tenebris
1025 1009 1272 1078 imaeque
1311 1028 1528 1063 recessu

139 1081 288 1136 Sedis
328 1083 638 1153 inaspectos
680 1084 828 1137 caelo
867 1083 1168 1157 radiisque
1179 1087 1404 1153 penates
1772 1099 1827 1139 50

138 1155 455 1211 Servantem
493 1160 676 1210 tamen
717 1157 954 1211 adsiduis
996 1147 1351 1211 circumvolat
1391 1158 1493 1210 alis

140 1228 314 1284 Saeva
354 1227 467 1284 dies
507 1232 704 1296 animi,
742 1232 1107 1300 scelerumque
1147 1232 1205 1284 in
1242 1235 1460 1301 pectore
1500 1230 1680 1286 Dirae.

135 1303 284 1358 Tunc
322 1323 519 1359 vacuos
561 1306 742 1375 orbeS,
782 1305 1007 1371 crudum
1048 1323 1110 1358 ac
1148 1305 1455 1359 miserabile
1495 1306 1639 1359 vitae

137 1375 496 1448 Supplicium,
536 1382 777 1432 ostentat
817 1380 965 1433 caelo
1007 1379 1364 1448 manibusque
1406 1381 1640 1433 cruentis

133 1450 324 1504 Pulsat
361 1452 519 1504 inane
560 1453 735 1505 solum
775 1470 1038 1522 saevaque
1077 1453 1155 1505 ita
1192 1471 1323 1506 voce
1362 1456 1635 1522 precatur:
1769 1467 1826 1507 55

137 1523 253 1594 ‘Di‚
295 1529 477 1579 sontes
517 1526 724 1579 animas
766 1530 1102 1596 angustaque
1143 1525 1375 1580 Tartara
1413 1527 1602 1596 poenis

134 1597 238 1661 Qui
276 1599 495 1669 regitiS,
533 1603 697 1669 tuque
736 1599 1030 1654 umbrifero
1072 1598 1207 1670 Styx
1244 1600 1410 1654 livida
1448 1600 1615 1654 fundo
1625 1643 1639 1670 ,

133 1670 305 1734 Quam
344 1673 523 1743 video,
562 1674 901 1744 multumque
941 1673 1078 1727 mihi
1116 1677 1374 1728 consueta
1412 1675 1594 1728 vocari

131 1745 345 1815 Adnue,
386 1746 703 1817 Tisiphone,
743 1765 1102 1818 perversaque
1141 1751 1271 1801 vota
1310 1748 1562 1815 secunda:

132 1817 190 1873 Si
229 1820 364 1873 bene
405 1821 534 1891 quid
571 1822 764 1891 merui,
805 1822 852 1875 si
891 1841 976 1875 me
1017 1822 1080 1875 de
1120 1825 1295 1876 matre
1336 1803 1614 1876 cadentem
1767 1837 1823 1878 60

131 1891 343 1947 Fovisti
382 1896 586 1979 gremio
630 1898 682 1948 et
720 1895 1008 1949 traiectum
1041 1897 1258 1949 vulnere
1297 1897 1514 1965 plantas

130 1966 412 2038 Firmasti,
453 1969 498 2021 si
539 1971 734 2038 stagna
771 1969 886 2038 peti
925 1967 1182 2023 Cirrhaea
1221 1969 1429 2023 bicorni

130 2039 404 2095 Interfusa
443 2043 596 2113 iugc,
634 2061 850 2111 possem
890 2060 1010 2096 cum
1051 2043 1243 2113 degere
1283 2043 1425 2097 falso

251 2229 320 2268 45.
359 2225 587 2280 ‘atque—
609 2224 864 2268 canendus’
894 2224 1064 2269 schol.
1091 2223 1233 2271 Theb.
1265 2224 1375 2269 VIII
1399 2230 1486 2271 374
1508 2240 1554 2283 p.
1581 2230 1667 2271 290
1691 2226 1738 2269 L.
1765 2252 1820 2259 —

130 2287 200 2327 48.
241 2282 492 2340 ‘longaque
517 2309 572 2316 -—
598 2285 735 2327 nocte
775 2283 1021 2328 trahebat'
1058 2284 1231 2330 schol.
1265 2283 1408 2331 Theb.
1442 2284 1506 2328 XI
1539 2289 1624 2330 582
1657 2299 1700 2341 p.
1735 2290 1822 2330 394

128 2341 175 2385 L.
212 2367 266 2375 —
301 2342 369 2387 60.
414 2342 481 2386 ‘si
506 2341 757 2386 —'merui’
795 2342 971 2387 schol.
1013 2343 1157 2387 Theb.
1191 2343 1211 2386 I
1251 2348 1307 2388 56
1337 2358 1382 2400 p.
1418 2348 1443 2388 5
1475 2344 1523 2388 L.
1558 2370 1613 2377 —
1648 2350 1716 2389 62.
1755 2344 1822 2387 ‘si

128 2426 182 2433 -
208 2400 419 2445 bicorni’
456 2401 630 2446 schol.
665 2402 809 2447 Theb.
842 2401 927 2445 VH
961 2407 1044 2446 347
1077 2416 1120 2458 p.
1155 2406 1240 2447 255
1273 2402 1321 2446 L.

252 2576 306 2614 39
346 2570 519 2627 Tethys
559 2574 607 2616 et
645 2572 974 2617 Lachmannus
1065 2576 1122 2616 45
1162 2571 1259 2616 alto
1301 2571 1661 2617 Friesemannus
1700 2571 1819 2630 (Col-

44 2663 53 2670 .
133 2630 291 2675 lectan.
326 2631 467 2674 critic.
493 2645 544 2687 p.
575 2634 667 2676 204
690 2633 772 2688 sq.)
805 2632 821 2688 ΙΙ
851 2635 909 2676 48
935 2630 999 2675 Oe
1036 2629 1233 2688 ippodes
1258 2635 1290 2674 P
1325 2633 1331 2689 1
1370 2630 1455 2675 sub
1487 2632 1637 2697 morte
1669 2635 1701 2673 P
1733 2630 1818 2674 sub

123 2689 260 2733 nocte
297 2692 387 2731 Bu
426 2691 432 2744 Ι
467 2689 688 2734 trahebat
725 2705 751 2744 p
791 2691 925 2757 schol.
964 2692 980 2747 ΙΙ
1018 2695 1074 2735 52
1113 2689 1215 2734 lues
1256 2690 1401 2735 animi
1442 2703 1502 2734 sc.
1535 2689 1565 2734 i
1599 2705 1644 2746 p.
1680 2702 1816 2733 curae

126 2746 486 2793 Friesemannus
520 2750 525 2805 Ι
555 2748 822 2805 saliuntque
862 2748 892 2793 i.
933 2764 978 2806 p.
1021 2748 1150 2794 dirae
1196 2748 1245 2794 0.
1282 2750 1536 2795 Muellerus
1569 2748 1664 2805 (El.
1698 2747 1813 2793 Stat.

117 2819 167 2908 p.
193 2808 278 2909 l15)
325 2806 601 2863 pelluntque
646 2807 954 2854 Baehrensius
985 2810 1000 2865 ΙΙ
1034 2812 1090 2853 55
1137 2807 1307 2866 Palpat
1349 2809 1446 2854 ead.
1495 2821 1552 2853 m.
1601 2820 1715 2852 corr.
1763 2808 1816 2852 in

45 2891 48 2892 ν
160 2880 192 2909 u
214 2867 288 2910 sat
318 2870 351 2908 P

1397 2940 1456 2983 1*
