2028 3190
690 150 1032 198 THEBAIDOS
1064 152 1174 199 LIB.
1207 153 1262 198 X.
1709 151 1814 204 297

122 274 368 343 Respicit
408 277 504 327 aut
540 273 688 327 visus
727 274 898 327 flectit
935 274 1131 327 tellure
1169 274 1386 327 relictos
1397 315 1412 343 ‚

122 346 240 402 Iam
278 348 448 416 vociS,
487 348 596 401 iam
635 348 832 401 mentis
870 348 1046 417 inops,
1122 345 1212 402 Sic
1250 365 1444 417 aspera
1482 347 1644 418 tigris
1725 360 1811 401 820

122 421 346 475 Fetibus
388 422 628 491 abreptis
669 420 921 489 Scythico
963 422 1176 474 deserta
1215 422 1314 475 sub
1356 420 1514 475 antro

122 495 370 549 Accubat
409 498 464 548 et
503 495 672 565 tepidi
710 495 907 548 lambit
944 496 1175 565 vestigia
1215 495 1356 564 saxi3

121 569 408 639 Nusquam
446 569 581 639 irae,
622 569 762 622 sedit
798 569 978 622 rabies
1017 569 1314 639 feritasque
1351 569 1629 639 famesque

124 642 269 712 Oris,
309 645 437 697 eunt
473 646 689 712 praeter
729 650 918 696 secura
957 647 1203 696 armenta
1244 661 1566 714 gregesque:

124 717 339 786 Aspicit
370 717 468 770 illa
498 717 704 786 iacens3
737 717 831 770 ubi
864 717 1027 786 enim,
1059 718 1254 786 quibus
1286 717 1454 770 ubera
1482 720 1672 786 pascat
1726 730 1815 789 825

123 790 238 843 Aut
277 809 412 860 quos
452 791 662 861 ingenti
700 793 915 859 premat
954 794 1236 860 expectata
1274 791 1502 860 rapina?

195 863 473 918 Hactenus
499 883 663 934 arma,
686 866 863 930 tubae,
888 865 1196 934 ferrumque
1222 869 1277 918 et
1293 866 1537 918 vulnera:
1564 864 1657 918 sed
1673 883 1814 919 nunc

126 936 440 992 Comminus
481 939 777 1009 astrigeros
818 938 1100 1007 Capaneus
1139 939 1410 992 tollendus
1450 940 1506 991 in
1547 957 1686 992 axes.

34 1048 52 1064 .
123 1012 249 1066 Non
288 1012 423 1065 mihi
462 1013 572 1065 iam
613 1012 777 1065 solito
817 1018 1005 1065 vatum
1044 1014 1108 1065 de
1148 1031 1297 1066 more
1338 1013 1660 1083 canendum3

122 1085 299 1138 Maior
341 1086 408 1139 ab
450 1087 640 1139 Aoniis
681 1087 953 1154 poscenda
993 1087 1230 1140 amentia
1267 1087 1426 1140 lucis:
1727 1100 1813 1141 830

123 1158 334 1214 Mecum
374 1178 559 1214 omnes
602 1161 793 1213 audete
834 1160 985 1213 deae!
1026 1161 1138 1214 sive
1177 1161 1272 1213 ille
1313 1160 1581 1229 profunda

122 1232 320 1286 Missus
360 1237 521 1287 nocte
559 1233 734 1303 furor,
774 1232 1131 1304 Capaneaque
1173 1235 1330 1304 signa
1370 1239 1585 1288 secutae

123 1307 295 1360 Arma
331 1306 517 1360 Iovem
557 1313 746 1361 contra
787 1307 1013 1377 Stygiae
1052 1327 1278 1377 rapuere
1318 1326 1555 1376 sorores,

128 1378 232 1433 Seu
272 1380 444 1434 virtus
486 1399 707 1451 egressa
745 1381 986 1450 modum,
1028 1400 1123 1434 seu
1156 1383 1331 1451 gloria
1370 1399 1650 1451 praecem,

125 1451 230 1506 Seu
268 1471 500 1524 magnae
539 1454 667 1507 data
705 1454 852 1507 fama
889 1455 1031 1524 neci,
1072 1473 1166 1508 seu
1204 1457 1349 1509 laeta
1388 1456 1658 1508 malorum
1730 1470 1815 1510 835

124 1527 398 1597 Principia
437 1531 492 1581 et
531 1528 758 1581 blandae
800 1547 1054 1597 superum
1093 1531 1413 1583 mortalibus
1453 1530 1583 1583 irae.

197 1601 315 1654 Iam
354 1602 574 1655 sordent
612 1605 830 1655 terrena
869 1603 984 1655 viro
1023 1603 1312 1672 taedetque
1351 1602 1652 1673 profundae

126 1672 342 1745 CaediS‚
382 1678 436 1728 et
474 1675 750 1729 exhaustis
791 1676 923 1729 olim
964 1676 1291 1747 Graiumque
1333 1678 1551 1746 suisque

125 1748 427 1803 Missilibus
468 1750 615 1803 lassa
653 1751 890 1818 respexit
928 1751 984 1803 in
1025 1751 1247 1805 aethera
1288 1752 1491 1805 dextra.

123 1821 311 1877 Ardua
349 1842 477 1876 mox
516 1827 673 1876 torvo
714 1824 938 1876 metitur
977 1825 1215 1877 culmina
1253 1826 1394 1893 visti,
1733 1838 1818 1879 840

126 1894 551 1966 Innumerosque
593 1897 814 1966 graduS,
855 1898 1073 1967 gemina
1113 1899 1257 1951 latus
1299 1900 1490 1952 arbore
1532 1899 1766 1968 clausuS,

127 1968 351 2022 Aerium
391 1970 496 2023 sibi
534 1973 722 2039 portat
760 1970 884 2039 iter,
926 1971 1192 2040 longeque
1232 1972 1502 2025 timendus

124 2041 447 2096 Multifidam
488 2061 744 2113 quercum
782 2044 1037 2114 flagranti
1076 2045 1278 2099 lumine
1319 2046 1519 2114 vibrat3

126 2116 297 2170 Arma
335 2118 532 2170 rubent
569 2136 676 2171 uua
716 2118 996 2188 clipeoque
1036 2118 1341 2172 incenditur
1380 2119 1540 2188 ignis,

243 2267 329 2307 830
355 2277 420 2318 sq.
457 2262 638 2307 ‘Maior
663 2289 716 2295 —
744 2263 886 2308 deae’
924 2262 1072 2309 Serv.
1107 2263 1168 2307 ad.
1198 2265 1312 2308 Aen.
1347 2264 1434 2308 XII
1465 2269 1566 2309 500.

244 2394 377 2439 Inter
407 2410 446 2439 v.
481 2398 575 2440 822
599 2400 640 2440 et
663 2399 758 2441 823
790 2398 841 2440 in
864 2400 897 2438 B
931 2397 1142 2453 lequntur
1172 2396 1299 2440 haec:
1331 2399 1354 2439 1
1386 2399 1433 2440 et
1462 2395 1621 2453 rapidi
1650 2396 1812 2440 feritas

124 2451 268 2507 iraeq.
301 2452 492 2508 famesq.
518 2455 534 2510 ΙΙ
558 2458 643 2497 823
677 2454 800 2498 sedit
829 2454 986 2511 rapidi
1008 2459 1040 2497 P
1074 2454 1201 2498 cedit
1231 2454 1387 2499 rabies
1412 2469 1548 2500 anon.
1575 2456 1779 2500 Heidelb.
1800 2459 1812 2512 ΙΙ

126 2514 212 2554 829
254 2512 514 2555 canendum
551 2512 654 2554 BG2
693 2515 942 2557 canentum
973 2518 1006 2556 P
1038 2515 1221 2572 Anylic.
1247 2516 1378 2572 prob.
1412 2514 1608 2559 Heinsio
1648 2527 1813 2557 canen-

127 2568 238 2612 dum
270 2571 342 2613 est
374 2574 500 2613 0:111·
533 2571 767 2616 canendus
799 2587 822 2615 ο
852 2574 868 2629 ΙΙ
901 2577 988 2616 830
1019 2573 1246 2618 sumenda
1276 2572 1514 2629 poscenda
1543 2571 1752 2617 amentia
1781 2576 1813 2614 P

129 2628 354 2672 sumenda
378 2628 576 2674 audacia
598 2633 724 2673 BSM
748 2634 798 2674 at
822 2630 1028 2675 amentia
1051 2636 1084 2674 B
1108 2646 1248 2690 mary.
1277 2632 1501 2676 sumenda
1526 2631 1732 2675 amentia
1757 2630 1815 2673 (³²

127 2689 259 2732 schol.
285 2687 524 2744 poscenda
549 2688 742 2733 audatia
762 2694 802 2732 Β.
826 2689 1050 2734 sumenda
1075 2689 1312 2735 dementia
1330 2691 1408 2747 (al.
1428 2689 1641 2746 audacia)
1660 2689 1781 2734 Serv.
1800 2690 1814 2747 Η

125 2750 210 2791 835
250 2746 378 2790 fama
416 2751 461 2789 u
499 2748 595 2792 edd.
626 2750 633 2802 Ι
659 2760 800 2792 caeca
837 2749 968 2793 schol.
1009 2750 1025 2805 ΙΙ
1064 2753 1150 2794 840
1173 2763 1263 2807 sqq.
1314 2749 1382 2803 Cf.
1430 2748 1598 2804 Eur-ip.
1642 2749 1811 2792 Phoen.

128 2809 250 2851 1172
275 2819 363 2862 sqq.
406 2805 566 2850 Aesch.
608 2806 725 2862 Sept.
768 2808 869 2852 adv.
913 2807 1046 2853 Theb.
1086 2812 1180 2853 423
1203 2822 1293 2865 sqq.
1333 2810 1348 2864 ΙΙ
1388 2811 1470 2852 841
1523 2806 1707 2850 clausus
1747 2811 1813 2860 Pp

126 2861 238 2908 Βοὴ.
272 2868 398 2907 0111·
430 2863 586 2908 clusus
618 2865 956 2921 38821111843
988 2865 1182 2911 fulmine
1215 2871 1248 2909 P
