2008 3198
690 165 1032 212 THEBAIDOS
1063 166 1175 211 LIB.
1208 167 1263 212 V.
1721 166 1829 222 135

141 289 284 345 Orbe
323 306 463 359 vago
503 288 718 357 labenS,
757 287 984 341 miserae
1021 306 1166 342 nunc
1204 289 1404 341 robora
1443 288 1612 342 silvae

140 363 345 417 Atterit
383 365 438 425 et
474 365 660 416 vastas
699 364 890 418 tenuat
926 361 1297 431 complexibus
1337 380 1522 431 ornos3
1743 374 1829 417 515

140 438 316 509 Saepe
351 456 510 508 super
549 436 742 493 fluvios
782 437 1031 507 geminae
1070 436 1210 490 iacet
1251 453 1458 507 aggere.
1486 437 1636 506 ripae

141 512 464 582 ContinuuS,
505 511 853 582 squamisque
888 511 1089 564 incisus
1130 511 1414 566 adaestuat
1453 511 1646 569 amnis.

141 585 247 641 Sed
285 606 453 656 nunc,
492 585 696 656 Ogygii
734 584 896 638 iussis
937 585 1152 654 quando
1193 585 1368 639 omnis
1410 585 1631 646 anhelat

141 662 309 716 Terra
348 661 433 714 dei
470 659 818 729 trepidaeque
858 658 1034 719 latent
1072 659 1130 711 in
1167 661 1388 728 pulvere
1426 658 1734 729 Nymphae,

141 733 362 789 Saevior
402 734 653 789 anfractu
690 734 924 786 laterum
964 732 1184 787 sinuosa
1222 735 1540 802 retorquens
1745 745 1832 788 520

142 809 322 879 Terga
361 810 478 862 solo
521 807 752 876 siccique
790 825 993 861 nocens
1031 806 1166 868 furit
1203 807 1330 878 igne
1369 807 1578 869 veneni.

143 881 348 951 Stagna
385 901 482 952 per
521 885 840 951 arentesque
880 882 1031 935 lacus
1070 881 1358 951 fontesque
1397 899 1672 950 repressos

138 957 394 1011 Volvitur
434 959 488 1010 et
526 956 711 1017 vacuis
750 955 1041 1009 fluviorum
1079 956 1135 1008 in
1173 956 1407 1017 vallibus
1450 959 1616 1025 errat,

140 1031 504 1100 Incensusque
545 1029 639 1083 siti
676 1030 941 1099 liquidum
980 1047 1123 1083 nunc
1163 1048 1290 1084 aera
1328 1029 1521 1083 lambit

142 1104 250 1160 Ore
290 1106 567 1175 supinato,
605 1122 748 1163 nuno
789 1122 921 1166 arva
959 1104 1235 1174 gementia
1271 1104 1467 1158 radens
1747 1115 1834 1163 525

139 1179 350 1233 Pronus
391 1179 649 1241 adhaeret
687 1178 874 1247 hume,
917 1178 963 1232 si
1003 1178 1131 1248 quid
1170 1178 1464 1232 viridantia
1503 1178 1697 1237 sudent

141 1252 421 1323 Gramina3
460 1270 748 1322 percussae
787 1252 974 1314 calidis
1016 1252 1305 1306 adflatibus
1345 1253 1568 1322 herbae,

142 1326 261 1390 Qua
298 1327 427 1387 tulit
466 1345 584 1394 ora,
631 1326 854 1394 cadunt,
900 1327 1238 1396 moriturque
1278 1326 1347 1380 ad
1387 1327 1550 1386 sibila
1589 1344 1834 1395 campus:

145 1400 392 1464 Quantus
432 1401 500 1453 ab
543 1399 757 1453 Arctois
797 1400 1136 1459 discriminat
1174 1401 1397 1459 aethera
1436 1400 1694 1469 plaustris

141 1475 352 1545 Anguis
393 1477 447 1527 et
484 1492 655 1544 usque
686 1473 862 1529 Notos
896 1473 1240 1543 alienumque
1273 1475 1387 1528 exit
1417 1475 1472 1529 in
1505 1475 1716 1544 orbem3
1749 1486 1835 1527 530

145 1547 390 1611 Quantus
431 1551 486 1601 et
524 1549 617 1601 ille
658 1548 798 1607 sacri
838 1547 997 1617 spiris
1039 1548 1257 1607 intorta
1280 1548 1537 1604 movebat

144 1620 360 1675 Cornua
399 1622 649 1691 Parnasi,
688 1622 856 1676 donec
895 1621 1021 1690 tibi,
1063 1621 1239 1690 Delie,
1277 1622 1416 1685 fixus

143 1695 310 1750 Vexit
346 1696 740 1755 harundineam
780 1698 1007 1754 centeno
1048 1696 1267 1751 vulnere
1309 1695 1519 1751 silvam.

216 1770 350 1832 Quis
389 1771 515 1838 tibi,
554 1788 743 1839 parve,
783 1769 912 1823 deus
952 1773 1067 1822 tam
1107 1770 1293 1840 magni
1331 1770 1572 1838 pondera
1609 1769 1710 1824 fati

145 1843 302 1901 Sorte
341 1843 524 1898 dedit?
564 1847 697 1903 tune
732 1843 837 1895 hoc
876 1843 963 1896 vix
1002 1844 1178 1911 prima
1218 1843 1286 1896 ad
1325 1844 1515 1901 limina
1553 1844 1699 1897 vitae
1750 1856 1837 1901 535

143 1916 315 1971 Hoste
354 1917 534 1970 iaces?
575 1935 645 1970 an
685 1920 745 1969 ut
782 1916 905 1969 inde
945 1934 1096 1969 sacer
1133 1934 1231 1986 per
1271 1918 1488 1973 saecula
1529 1916 1687 1971 Grais

144 1990 408 2044 Gentibus
449 1994 504 2044 et
542 1993 696 2051 tanto
738 1990 931 2060 dignus
971 2008 1238 2043 morerere
1279 1990 1568 2060 sepulcro?

144 2063 355 2122 Occidis
397 2067 667 2124 extremae
706 2063 995 2122 destrictus
1034 2064 1255 2117 verbere
1294 2064 1492 2124 caudae

143 2138 341 2210 Ignaro
383 2141 632 2208 serpente
669 2156 821 2208 puer,
860 2137 1006 2208 fugit
1045 2138 1194 2192 ilicet
1233 2142 1382 2195 artus

145 2211 400 2283 Somnus,
441 2218 496 2267 et
533 2213 592 2267 in
631 2213 803 2272 solam
843 2215 1134 2281 patuerunt
1173 2213 1380 2272 lumina
1418 2214 1662 2270 mortem.
1752 2224 1839 2267 540

145 2284 284 2339 Cum
321 2290 507 2347 tamen
546 2286 778 2341 attonito
819 2288 1055 2342 moriens
1094 2287 1316 2358 vagitus
1356 2286 1415 2341 in
1456 2305 1613 2341 auras

145 2359 360 2413 Excidit
398 2365 453 2413 et
491 2362 665 2430 ruptis
704 2361 984 2416 immutuit
1023 2378 1113 2415 ore
1153 2361 1429 2430 querelliS,

149 2432 343 2495 Qualia
381 2451 493 2487 non
530 2437 678 2487 totas
719 2438 987 2505 peragunt
1027 2435 1298 2487 insomnia
1335 2451 1523 2503 voces,

146 2505 337 2560 Audiit
374 2506 707 2576 Hypsipyle,
745 2508 1066 2576 facilemque
1104 2508 1368 2579 negantia
1406 2525 1621 2568 cursum

265 2655 349 2696 517
390 2649 608 2695 incensus
639 2651 921 2703 Salaraderus
943 2654 959 2709 ΙΙ
983 2656 1068 2696 519
1111 2651 1393 2709 tepidaeque
1425 2653 1691 2703 Koestlinus
1722 2653 1728 2707 Ι
1753 2655 1839 2695 524

146 2709 460 2768 Incensusque
516 2709 596 2754 siti
649 2710 932 2759 Sem-aderas
983 2710 1287 2767 Incertusque
1334 2711 1407 2756 sui
1452 2712 1580 2758 codd.
1618 2712 1635 2767 ΙΙ
1714 2723 1842 2758 erm

148 2773 393 2816 529—533
439 2771 607 2827 quippe
650 2782 761 2826 quos
806 2771 864 2816 ab
910 2771 1232 2826 interpolatore
1276 2772 1499 2827 confectos
1536 2782 1626 2814 esse
1670 2770 1841 2816 iudicet

145 2834 252 2884 post
281 2843 320 2876 v.
354 2834 445 2877 517
474 2829 672 2874 inseruit
707 2828 758 2875 Ο.
793 2830 1048 2875 Muellerus
1069 2830 1086 2885 u
1108 2833 1195 2878 536
1227 2829 1407 2887 primae
1439 2829 1545 2875 mal.
1577 2828 1803 2877 Heinsius
1824 2828 1841 2887 Η

153 2891 238 2932 537
268 2901 447 2933 morere
478 2893 575 2931 Pro
598 2890 613 2944 ss
638 2892 724 2933 538
755 2888 908 2944 gaude
940 2893 972 2931 P
996 2889 1011 2944 ΙΙ
1035 2892 1122 2931 543
1156 2887 1318 2942 Qualis
1350 2888 1662 2936 Baehremius
