2008 3198
192 161 345 207 XVIII
731 161 1017 208 EDITORIS
1048 162 1404 210 PRAEFATIO.

196 282 517 336 Aemilius
543 282 981 337 Baehrensius
1007 281 1418 354 Groningensi8‚
1443 286 1640 355 quippe
1658 288 1890 357 quicum

194 357 402 426 pridem
457 358 572 410 viro
629 357 694 410 de
750 357 942 411 studiis
996 361 1281 427 poetarum
1337 358 1655 413 Latinorum
1704 379 1892 430 prove-

194 430 388 484 hendis
442 431 793 485 meritissimo
844 449 1164 502 progressus
1218 432 1378 485 huius
1432 450 1583 487 meae
1636 434 1892 488 editionis

195 523 352 557 curae
390 504 556 558 fuerit
593 524 704 559 non
744 506 918 560 solum
952 524 1086 559 onus
1119 506 1563 560 molestissimum
1594 509 1893 579 susceperit

193 578 537 648 plagularum
591 596 802 632 mecum
865 579 1304 649 corrigendarum
1367 581 1460 634 sed
1522 581 1687 635 etiam
1748 583 1892 635 inter

195 652 574 722 corrigendum
612 671 711 722 pro
754 671 849 706 suo
891 654 1108 723 ingenio
1148 654 1446 722 permultas
1487 655 1890 710 emendationes

194 726 281 779 vel
338 727 670 780 coniecturas
725 728 1067 780 acutissimas
1123 745 1333 780 mecum
1398 730 1891 799 communicaverit,

196 818 423 869 quarum
463 819 572 853 non
610 819 812 871 paucas
852 802 909 853 in
947 804 1157 854 textum
1196 802 1432 870 recipere
1471 821 1582 856 non
1629 803 1890 858 dubitavi.

193 872 309 927 Nec
346 873 599 944 exiguum
629 875 866 928 fructum
897 875 1113 945 percepi
1138 893 1200 928 ex
1227 876 1692 930 emendationibus
1723 881 1778 930 et
1802 896 1888 931 ex-

193 948 578 1016 plicationibus
613 949 680 1003 ad
711 947 945 1002 Statium
979 949 1197 1018 scriptis
1237 951 1305 1002 ab
1340 949 1622 1004 Henrico
1653 951 1890 1005 Koest-

106 1021 125 1040 “
195 1022 335 1075 lino
374 1021 795 1094 Hamburgensi,
835 1041 970 1092 quos
1010 1026 1064 1076 et
1103 1024 1159 1075 in
1196 1024 1326 1077 voll.
1363 1023 1641 1095 Philologi
1678 1024 1889 1079 XXXV

192 1094 430 1149 XXXVI
483 1095 746 1150 XXXVII
799 1097 1002 1166 publici
1055 1097 1186 1150 iuris
1234 1097 1364 1150 fecit
1417 1101 1471 1151 et
1523 1117 1622 1169 per
1674 1100 1889 1153 litteras

198 1170 524 1223 amicissime
584 1170 719 1224 mihi
779 1171 1098 1224 transmisit.
1190 1170 1476 1225 Codicibus
1532 1176 1712 1226 autem
1765 1192 1889 1243 pro-

195 1243 444 1296 curandis
494 1247 549 1297 et
593 1245 1030 1298 transmittendis
1076 1263 1162 1297 me
1213 1246 1318 1298 sibi
1367 1247 1720 1300 devinxerunt
1757 1265 1889 1317 prae

194 1318 387 1371 ceteris
428 1317 507 1371 du
544 1317 708 1372 Rieu
744 1318 1048 1388 LeidensiS,
1087 1319 1170 1373 vir
1216 1319 1375 1373 decus
1417 1321 1655 1374 omnium
1694 1322 1889 1375 biblio-

196 1391 560 1457 thecariorum
600 1392 969 1461 appellandUS‚
1009 1397 1064 1446 et
1102 1393 1404 1462 praefectus
1445 1394 1888 1449 bibliothecae

190 1464 714 1535 *Bambergensis

198 1536 206 1610 ἰ
347 1538 503 1602 Quod
543 1540 772 1594 indicem
820 1541 1103 1594 nominum
1144 1541 1610 1595 accuratissimum
1656 1543 1722 1596 ad
1769 1544 1887 1595 uni-

193 1630 351 1674 versa
400 1611 564 1667 Statii
610 1615 850 1667 carmina
897 1615 1258 1682 pertinentem
1305 1615 1641 1668 adiciendum
1689 1617 1886 1684 curavi,

196 1704 353 1755 spero
393 1687 509 1739 fore
540 1690 600 1739 ut
641 1706 672 1740 a
707 1687 836 1740 viris
870 1687 1041 1740 doctis
1076 1689 1468 1757 comprobetur,
1509 1707 1677 1758 eoque
1709 1690 1885 1760 magis

196 1759 352 1812 doleo
416 1761 696 1830 conlegam
750 1761 1190 1831 dilectissimum,
1251 1763 1343 1830 qui
1403 1762 1506 1816 hoc
1568 1764 1885 1832 opusculum

196 1850 406 1887 summo
449 1834 627 1888 studio
668 1853 730 1888 ac
770 1834 1052 1903 diligentia
1090 1835 1332 1904 perfecit,
1369 1854 1571 1889 nomen
1610 1855 1762 1891 suum
1804 1838 1886 1890 in·

197 1906 367 1959 dicari
406 1908 656 1962 vetuisse.

341 1980 491 2034 Haec
530 1981 593 2034 de
632 1982 884 2036 universa
921 1982 1081 2035 huius
1122 1983 1372 2036 editionis
1412 1984 1622 2037 ratione
1661 1984 1887 2038 dicenda

193 2053 376 2107 habui

346 2156 657 2211 Scribebam
697 2158 902 2212 Emdae
946 2177 1129 2213 mense
1170 2160 1346 2228 Aprili
1380 2179 1423 2214 a.
1459 2160 1616 2213 1884.

1135 2330 1429 2388 Philippus
1466 2329 1806 2376 Kohlmann.
