2008 3198
0 283 3 299 ,

687 180 1030 227 THEBAmos
1063 180 1174 243 LIBt
1204 179 1238 224 1.
1743 179 1812 231 15

123 304 360 374 Inrepsit
398 305 540 358 curis
580 322 886 374 pronusque
926 321 991 356 ex
1031 301 1248 356 aethere
1286 302 1466 369 nutat,
1726 313 1812 353 340

124 377 296 432 Grata
332 379 613 432 laboratae
651 378 887 432 referens
928 377 1132 430 oblivia
1172 375 1329 428 vitae.

124 451 229 506 Sed
266 471 366 507 nec
402 454 630 523 puniceo
668 453 968 506 rediturum
1004 450 1195 504 nubila
1233 450 1381 502 caelo

122 526 424 581 Promisere
462 527 638 596 iubar,
676 545 774 580 nec
813 524 1210 579 rarescentibus
1249 523 1477 576 umbris·

120 600 311 671 Longa
347 619 660 670 repercusso
698 601 911 654 nituere
950 598 1265 667 crepuscula
1302 596 1546 650 Phoebo:

123 674 355 729 Densior
394 694 426 728 a
463 676 622 728 terris
662 677 717 728 et
753 674 890 727 nulli
930 674 1116 742 pervia
1155 672 1404 725 flammae
1722 683 1808 723 345

123 747 372 803 Subtexit
409 766 518 803 nox
556 752 676 802 atra
713 748 885 817 polos.
961 746 1080 800 Iam
1119 746 1359 799 claustra
1395 744 1626 815 rigentis

122 823 345 877 Aeoliae
383 841 640 893 percussa
680 824 897 891 sonant,
935 824 1267 890 venturaque
1306 837 1469 872 rauco

122 895 227 950 Ore
266 897 505 950 minatur
542 897 714 949 hiems
724 938 738 965 ‚
776 895 924 949 venti
962 898 1272 948 transversa
1309 893 1602 946 frementes

121 969 435 1041 Confligunt
473 989 733 1041 axemque
775 972 954 1023 emoto
995 968 1212 1022 cardine
1250 968 1479 1036 vellunt,

126 1043 264 1098 Dum
303 1045 514 1099 caelum
553 1045 659 1098 sibi
697 1044 921 1114 quisque
960 1043 1129 1114 rapit3
1169 1042 1262 1095 sed
1299 1042 1563 1111 plurimus
1603 1039 1806 1092 Auster

118 1117 455 1188 Inglomerat
485 1122 717 1187 noctem,
747 1119 1040 1171 tenebrosa
1070 1116 1346 1170 volumina
1377 1119 1649 1184 torquenS,
1721 1127 1804 1167 351

119 1191 483 1263 Defunditque
522 1193 745 1262 imbres,
786 1193 924 1245 sicco
967 1209 1103 1260 quos
1144 1209 1301 1260 asper
1338 1190 1491 1242 hiatu

119 1266 456 1321 Praesolidat
493 1265 719 1338 Boreas3
758 1284 854 1319 nec
891 1284 1002 1319 non
1041 1266 1273 1334 abrupta
1311 1265 1644 1317 tremescunt

119 1339 382 1411 Fulgura,
421 1344 476 1394 et
515 1341 735 1394 attritus
776 1340 957 1392 subita
994 1339 1111 1393 face
1149 1339 1423 1407 rumpitur
1462 1337 1660 1390 aether.

121 1412 236 1466 Iam
274 1413 503 1482 Nemea,
541 1415 653 1467 iam
691 1414 972 1466 Taenariis
1012 1413 1349 1466 contermina
1386 1411 1522 1464 lucis
1680 1419 1684 1422 “
1721 1423 1806 1463 355

121 1487 384 1540 Arcadiae
424 1489 603 1557 capita
642 1488 756 1540 alta
795 1487 1039 1555 madent3
1077 1486 1189 1538 ruit
1229 1485 1445 1555 agmine
1485 1484 1630 1537 facto

118 1558 351 1614 Inachus
391 1564 446 1614 et
483 1561 691 1631 gelidas
732 1577 959 1630 surgens
998 1560 1360 1624 Erasinusbin
1398 1558 1586 1611 undaS.

119 1633 500 1688 Pulverulenta
537 1636 689 1705 prius
730 1635 1047 1705 calcataque
1087 1634 1308 1686 flumina
1345 1632 1528 1684 nullae

117 1706 426 1778 Aggeribus
465 1712 684 1762 tenuere
725 1727 930 1775 morae,
971 1711 1272 1778 stagnoque
1304 1706 1489 1759 refusa
1529 1708 1612 1758 est

118 1780 384 1835 Funditus
426 1786 480 1835 et
518 1783 689 1837 veteri
730 1782 999 1852 spumavit
1037 1781 1216 1834 Lerna
1253 1798 1474 1834 veneno.
1723 1793 1808 1832 360

241 1947 340 1986 344.
385 1942 548 1999 ‘longa
571 1968 625 1975 —
650 1942 859 1986 Phoebo’
896 1941 1045 1986 Serv.
1094 1940 1154 1984 ad
1184 1939 1298 1984 Aen.
1331 1939 1374 1983 Π
1405 1943 1506 1984 268.
1540 1965 1595 1971 -
1630 1944 1716 1983 352
1742 1953 1807 1994 sq.

0 1978 38 2029 Ψ
70 2032 74 2036 -
122 2000 265 2045 ‘sicco
290 2027 348 2033 —-
371 2001 563 2047 Boreas’
600 2001 748 2046 Serv.
784 2001 844 2044 ad
875 1999 989 2044 Aen.
1022 1999 1130 2044 VIII
1153 2004 1254 2045 429.
1281 2025 1335 2031 —
1362 2004 1461 2043 360.
1499 1997 1727 2042 ‘funditus
1753 2023 1808 2031 —

243 2138 329 2179 340
369 2134 572 2192 Inrepsit
607 2140 640 2177 P
679 2134 868 2191 irrepsit
905 2135 1000 2179 cod.
1040 2133 1309 2178 Burmanni
1346 2131 1511 2188 irrepit
1552 2131 1709 2176 Petav.
1741 2130 1811 2174 in-

45 2166 54 2194 f
121 2193 245 2250 repit
270 2198 304 2236 G
365 2193 530 2251 irrepit
560 2197 628 2239 vel
660 2194 863 2251 surrepit
886 2194 1109 2238 Heinsius
1168 2190 1371 2248 Inserpit
1392 2195 1480 2234 ΒΜ
1507 2192 1514 2248 Ι
1542 2203 1598 2234 ex
1622 2190 1810 2234 aethere

115 2257 148 2295 P
194 2252 350 2299 Palat.
391 2259 416 2298 1
479 2266 565 2311 per
603 2266 715 2297 aera
754 2254 886 2298 ceteri
915 2253 930 2310 ΙΙ
961 2257 1047 2297 345
1078 2251 1278 2296 Densior
1307 2249 1511 2294 Atraciis
1544 2250 1810 2295 Sandstroe-

120 2313 239 2357 mius
261 2314 276 2369 ΙΙ
300 2317 387 2357 346
426 2313 632 2370 regentis
663 2317 695 2355 P
726 2313 742 2368 ΙΙ
773 2317 857 2357 349
892 2313 1099 2355 emotum
1131 2311 1380 2355 Muellerus
1406 2311 1414 2367 Ι
1440 2310 1632 2354 verrunt
1661 2309 1810 2353 Baeh-

59 2375 61 2377 ’
121 2372 300 2416 rensius
330 2374 345 2428 ΙΙ
376 2376 460 2416 351
501 2371 792 2429 Inglomeras
830 2376 882 2426 Τ,
921 2372 1043 2415 unde
1079 2370 1382 2414 Burmannus
1421 2370 1536 2414 coni.
1576 2367 1809 2424 Inglome-

114 2443 222 2474 rans
251 2431 471 2485 {noctem
508 2430 759 2476 tenebrosa
799 2444 841 2475 v.
882 2430 1104 2486 torquens
1142 2433 1221 2471 PG
1258 2429 1445 2472 noctem
1478 2430 1526 2472 et
1556 2427 1807 2472 tenebrosa

114 2502 155 2533 v.
188 2490 379 2544 torquet
431 2493 520 2533 ΒΗ
557 2492 573 2547 ΙΙ
612 2494 700 2534 355
753 2488 958 2533 Nemeae
1012 2493 1090 2531 PG
1140 2489 1337 2545 plurimi
1389 2488 1578 2532 Gruteri
1623 2486 1802 2530 Nemea

0 2529 2 2535 λ
58 2546 66 2608 ’-
112 2550 223 2591 BGr
262 2547 435 2592 Nemee
467 2553 543 2603 Hp
577 2548 796 2594 Formam
826 2547 1006 2592 Nemea
1044 2548 1253 2592 omnibus
1284 2547 1393 2592 locis
1424 2548 1549 2601 dedi,
1581 2547 1639 2601 ef.
1672 2547 1803 2600 infra

5 2615 7 2618 ’
60 2611 81 2643 Γ
115 2607 185 2650 ΙΙ
213 2611 305 2652 378
337 2607 423 2651 IV
452 2612 554 2653 159.
587 2611 696 2653 825.
735 2607 780 2651 V
804 2611 875 2651 44.
910 2610 1000 2652 749
1041 2607 1118 2651 VI
1147 2609 1236 2650 516
1269 2610 1309 2650 et
1336 2607 1567 2651 Priscian.
1602 2605 1714 2649 VII
1735 2605 1804 2647 in.

113 2670 155 2711 et
192 2666 408 2712 Lactant.
449 2667 510 2711 ad
548 2667 589 2710 h.
631 2668 659 2711 l.
690 2669 706 2725 11
738 2671 823 2711 356
871 2678 1044 2722 magno
1092 2667 1336 2722 (suprascr.
1379 2666 1397 2708 1
1436 2665 1580 2722 facto)
1620 2668 1652 2706 P
1675 2664 1690 2719 ΙΙ
1714 2667 1799 2706 357

116 2737 309 2782 surgens
355 2729 445 2768 Bu
490 2738 660 2782 urgens
708 2730 743 2768 G
789 2738 987 2782 vergens
1025 2728 1109 2767 ΡΗ
1135 2727 1142 2780 Ι
1169 2724 1219 2767 in
1256 2725 1405 2768 findas
1447 2725 1517 2780 (in
1554 2735 1697 2778 mary.
1745 2734 1803 2766 m.

114 2785 173 2829 al.
213 2796 274 2829 Α
304 2784 365 2828 ad
404 2785 576 2840 arctos)
615 2789 649 2827 P
695 2784 744 2828 in
790 2785 940 2828 undas
981 2788 1016 2827 G
1054 2783 1206 2829 Petav.
1256 2783 1318 2827 ad
1359 2785 1514 2827 arctos
1553 2786 1627 2835 Bg
1672 2780 1802 2825 Leia.

116 2842 275 2888 arthos
307 2848 340 2887 'r
372 2843 433 2887 ad
465 2856 602 2887 auras
633 2842 905 2888 Duebnerus
937 2842 1097 2900 gelida
1131 2857 1164 2888 s.
1190 2843 1242 2888 E.
1274 2842 1324 2886 in
1354 2841 1482 2886 unda
1515 2840 1768 2884 Muellerus
1791 2840 1805 2896 Η

116 2905 202 2947 358
234 2901 506 2957 calcataque
538 2906 614 2944 PG
647 2901 961 2958 calcandaque
993 2906 1081 2945 ΒΜ
