1942 3190
0 147 29 195 ΞΥ
694 153 1102 200 ACHILLEIDOS
1134 153 1186 199 L.
1218 153 1252 197 I.
1755 152 1826 206 33

66 277 115 310 Π
278 279 531 346 Dixerat,
570 279 730 346 atque
768 275 886 344 ipso
925 276 1210 346 portarum
1248 273 1304 326 in
1342 272 1530 326 limine
1568 290 1754 343 regem

7 354 10 357 ’
135 352 322 407 Cernit
360 355 415 405 et
454 355 672 405 ostensa
710 367 899 418 pacem
936 348 1214 418 praefatus
1254 347 1422 400 oliva:

132 426 368 498 ‘Magna,
405 443 543 495 reor,
580 424 895 493 pridemque
934 426 1056 476 tuas
1095 421 1344 491 pervenit
1384 420 1452 474 ad
1484 438 1640 474 aures

63 513 106 546 5⁵
129 501 298 556 Fama
335 500 504 553 trucis
543 498 688 567 belli,
726 514 916 568 regum
947 496 1328 566 placidissime,
1368 494 1512 566 quod
1542 513 1685 548 nunc

129 575 513 645 Europamque
551 572 848 641 Asiamque
888 570 1080 639 quatit.
1144 569 1202 623 Si
1239 569 1463 622 nomina
1499 568 1644 622 forte
1741 583 1826 623 730

129 649 251 703 Huc
287 649 497 718 perlata
536 647 755 713 ducum,
793 644 914 697 fidit
953 644 1147 713 quibus
1187 643 1336 696 ultor
1374 641 1616 696 Atrides:

129 722 232 776 Hic
271 722 396 790 tibi,
436 739 594 791 quem
634 722 790 773 tanta
829 718 1109 771 meliorem
1150 717 1318 786 stirpe
1357 717 1561 769 creavit

130 795 512 867 Magnanimus
551 793 788 863 TydeUS‚
828 792 1034 845 Ithacis
1075 808 1174 862 ego
1215 791 1407 843 ductor
1444 789 1647 844 Ulixes,

62 883 107 915 ⁶0
132 868 310 923 Causa
346 869 468 923 viae
507 868 770 938 (metuam
810 867 937 936 quid
978 866 1122 918 enim
1159 865 1264 917 tibi
1303 867 1494 918 cuncta
1525 864 1701 934 fateri,

130 943 267 998 Cum
306 942 500 996 Graius
538 945 775 1011 notaque
814 941 917 993 fide
957 939 1340 992 celeberrimus
1380 956 1517 992 unus
1530 935 1582 1008 ‘?)
1734 951 1819 992 735

127 1018 430 1087 Explorate
471 1016 649 1069 aditus
688 1015 970 1083 invisaque
1009 1014 1176 1067 litora
1215 1011 1431 1080 Troiae,

130 1092 336 1154 Quidve
373 1088 602 1160 parent?
677 1088 858 1142 Medio
899 1105 1145 1140 sermone
1183 1086 1463 1154 intercipit
1501 1086 1615 1140 ille:

129 1164 416 1219 ‘Adnuerit
453 1165 693 1233 fortuna,
732 1180 942 1233 precor,
982 1161 1262 1230 dextrique
1302 1159 1595 1214 secundent

61 1253 103 1284 ⁶⁵
127 1239 243 1294 Ista
281 1240 389 1292 dei!
441 1239 601 1293 Nunc
638 1237 877 1306 hospitio
917 1254 1038 1289 mea
1075 1238 1220 1288 tecta
1257 1234 1512 1303 piumque

129 1312 422 1367 Inlustrate
460 1310 665 1365 larem.’
744 1310 916 1364 Simul
955 1310 1100 1362 intra
1138 1308 1331 1361 limina
1371 1307 1530 1362 ducit.
1736 1322 1823 1364 740

126 1386 241 1440 Nec
278 1405 454 1455 mora,
492 1386 602 1438 iam
638 1403 854 1437 mensas
894 1384 1175 1436 famularis
1215 1382 1379 1435 turba
1415 1385 1674 1452 torosque

129 1459 371 1513 Instruit.
446 1458 663 1511 Interea
700 1458 821 1511 visu
859 1458 1155 1526 perlustrat
1192 1455 1380 1508 Ulixes

131 1531 519 1602 Scrutaturque
559 1533 798 1600 domum,
837 1531 884 1583 si
922 1549 1029 1600 qua
1066 1529 1302 1599 vestigia
1339 1544 1570 1598 magnae

63 1619 106 1653 70
127 1606 371 1678 Virginis
412 1609 506 1659 aut
544 1606 708 1658 dubia
744 1605 913 1657 facies
954 1606 1208 1673 suspecta
1245 1603 1444 1672 figura3

126 1680 536 1750 Porticibusque
575 1679 729 1748 vagis
771 1682 916 1732 errat
954 1680 1208 1747 totosque
1247 1679 1472 1745 penates
1482 1717 1496 1745 ,
1731 1689 1816 1731 745

128 1752 238 1807 Ceu
277 1755 524 1823 miretur,
564 1753 698 1806 adit:
738 1753 888 1806 velut
925 1752 1018 1805 ille
1057 1751 1260 1805 cubilia
1297 1750 1530 1818 praedae

125 1827 440 1881 Indubitata
476 1830 664 1880 tenens
703 1830 855 1879 muto
894 1826 1030 1896 legit
1069 1844 1200 1878 arva
1238 1823 1482 1877 Molosso

127 1899 392 1969 Venator,
431 1901 613 1953 videat
651 1901 819 1953 donec
859 1900 958 1951 sub
997 1898 1280 1951 frondibus
1319 1897 1534 1950 hostem

63 1987 104 2022 7⁵
127 1973 440 2028 Porrectum
481 1991 671 2027 somno
711 1973 1023 2042 positosque
1063 1973 1119 2024 in
1159 1971 1361 2039 cespite
1402 1971 1602 2024 dentes,

272 2047 479 2101 Rumor
516 2048 572 2100 in
612 2065 810 2099 arcana
847 2046 1160 2099 iamdudum
1199 2044 1495 2114 perstrepit
1535 2044 1682 2114 aula,
1731 2058 1816 2099 750

125 2121 443 2192 Virginibus
484 2140 589 2192 qua
626 2121 734 2174 fida
773 2121 987 2190 domus,
1025 2119 1237 2173 venisse
1276 2118 1569 2188 Pelasgum

126 2194 390 2250 Ductores
432 2194 758 2263 Graiamque
797 2197 971 2247 ratem
1014 2193 1293 2263 sociosque
1332 2195 1597 2261 receptos,

246 2434 329 2473 727
384 2441 537 2473 versus
574 2428 627 2472 in
665 2427 794 2472 Leid.
828 2431 1040 2472 contextu
1078 2441 1177 2483 om,
1217 2428 1275 2472 αῖ.
1322 2441 1376 2471 m.
1409 2439 1552 2483 mary.
1594 2425 1781 2470 additus
1810 2424 1816 2483 Ι

0 2523 49 2550 ’,1.
128 2488 323 2533 obtenta
348 2487 454 2533 Nic.
495 2486 718 2531 Heinsius
745 2487 752 2544 Ι
779 2487 1019 2543 praefatus
1059 2490 1096 2529 A
1141 2487 1272 2531 Leid.
1306 2499 1450 2542 marq.
1483 2485 1722 2542 praefatur
1743 2484 1819 2541 ΜΗ

0 2560 1 2563 ’
32 2587 36 2595 ,,
131 2551 215 2591 728
241 2546 512 2602 pridemque
535 2547 641 2590 tuas
665 2549 786 2599 Apn
830 2546 1012 2603 pridem
1051 2547 1227 2590 vestras
1254 2549 1372 2587 ent
1406 2543 1475 2599 Of.
1511 2545 1639 2588 Mus.
1671 2543 1816 2589 Rhea.

132 2605 291 2649 XXX
312 2618 363 2660 p.
395 2608 485 2649 475
516 2618 578 2661 sq.
615 2606 632 2662 ΙΙ
673 2610 758 2649 730
797 2605 837 2648 si
876 2605 1066 2649 nomina
1102 2605 1223 2649 forte
1256 2608 1347 2647 AM
1401 2603 1439 2647 si
1470 2602 1662 2647 nomina
1693 2601 1818 2646 nosti

35 2703 37 2706 ,
128 2668 170 2707 11
198 2679 269 2720 pr.
302 2678 359 2707 m.
393 2662 432 2707 si
471 2663 658 2708 nomina
697 2677 892 2720 quaeras
926 2665 1021 2709 edd.
1048 2665 1172 2720 11733
1205 2663 1394 2707 Ithacus
1426 2666 1459 2704 P
1488 2662 1621 2706 schol.
1668 2660 1816 2704 itacus

56 2734 57 2737 ’
129 2727 165 2765 G
188 2723 397 2767 Ythacus
421 2725 463 2764 H
485 2722 502 2778 ΙΙ
526 2726 612 2766 734
635 2723 803 2767 cuncta
826 2723 916 2767 tibi
938 2722 1076 2767 fateri
1100 2727 1132 2765 P
1155 2724 1170 2779 ΙΙ
1196 2727 1279 2767 735
1296 2721 1485 2779 graiuus
1503 2725 1535 2763 P
1559 2721 1574 2776 ΙΙ
1599 2724 1681 2764 738
1708 2719 1816 2763 dex-

127 2782 302 2838 trisque
333 2785 366 2823 P
399 2782 415 2837 Η
455 2785 540 2825 744
582 2781 756 2838 figurae
795 2782 975 2838 Pn746
1022 2780 1123 2826 obit
1154 2781 1378 2826 Heinsius
1419 2782 1435 2836 ΙΙ
1476 2784 1560 2823 ’747
1608 2779 1737 2822 muto
1782 2782 1815 2820 P

835 2852 871 2873 m
895 2852 946 2875 Sec
1015 2867 1020 2874 .

40 2910 42 2915 =
126 2888 262 2939 Pch
308 2884 455 2928 multo
504 2883 590 2926 621:
631 2884 904 2940 edd.1arva
948 2853 1056 2927 ’ΜΡ

216 2965 356 2998 Smin-11
381 2966 615 3004 Acmnmns.
1431 2962 1456 2999 3
