2028 3190
673 185 1015 231 THEBAIDOS
1048 186 1161 232 LIB.
1195 186 1294 230 XII.
1722 187 1830 240 349

139 306 385 377 Septima
423 308 530 360 iam
571 326 794 378 surgens
834 308 1064 377 trepidis
1104 307 1318 361 Aurora
1357 307 1593 360 iacentes

137 382 438 435 Aversatur
478 383 650 450 equis3
689 382 870 435 radios
909 382 1145 434 declinat
1183 385 1238 434 et
1274 381 1461 434 horret

140 454 419 526 Stelligeri
456 455 617 508 iubar
656 475 814 509 omne
855 456 991 524 poli3
1031 456 1141 508 iam
1181 455 1481 508 comminus
1520 455 1673 524 ipsae
1744 468 1831 509 565

137 530 350 583 Pabula
388 530 506 583 dira
543 530 687 582 ferae
727 548 1082 599 campumque
1122 529 1281 582 odere
1320 529 1562 582 volucres

140 602 450 673 Spirantem
489 604 621 656 tabo
663 607 716 656 et
756 604 967 656 caelum
1005 606 1302 673 ventosque
1343 606 1676 672 gravantem.

140 676 412 740 Quantum
445 679 647 731 etenim
680 695 960 747 superesse
991 677 1148 730 rear?
1180 677 1327 730 nuda
1359 695 1483 729 ossa
1510 679 1833 746 putremque

138 751 372 805 Verrere
412 751 697 821 permittat
738 751 958 804 saniem.
1034 751 1351 820 Properate,
1389 750 1608 803 verendi

139 823 491 893 Cecropidae,
530 844 627 878 vos
667 827 774 878 ista
814 825 966 878 decet
1003 825 1263 890 vindicta,
1303 825 1619 893 priusquam
1743 838 1829 877 570

137 898 384 952 Emathii
425 899 771 968 Thracesque
812 899 1020 963 dolent,
1061 917 1303 968 quaeque
1345 901 1495 951 extat
1531 898 1734 966 ubique

141 972 286 1026 Gens
327 991 512 1026 arsura
550 974 699 1042 rogis
740 991 1032 1057 manesque
1072 973 1327 1025 habitura
1365 990 1660 1041 supremos.

138 1046 283 1100 Nam
322 1046 442 1116 quis
482 1047 587 1100 erit
627 1048 832 1100 saevire
871 1047 1099 1100 modus?
1141 1046 1486 1114 bellavimUS,
1527 1049 1669 1114 est03

141 1118 245 1174 Sed
285 1121 521 1174 cecidere
562 1121 687 1174 odia
725 1124 779 1174 et
816 1122 1000 1173 tristes
1042 1138 1187 1174 mors
1228 1120 1412 1173 obruit
1451 1088 1575 1172 iias

139 1193 223 1247 Tu
263 1213 495 1264 quoque,
533 1199 595 1248 ut
636 1195 885 1266 egregios
924 1195 1071 1247 fama
1110 1194 1462 1264 cognovimus
1503 1197 1678 1260 actim,
1746 1206 1832 1246 575

139 1267 267 1321 Non
305 1269 549 1322 trucibus
590 1270 848 1322 monstris
890 1266 1042 1320 Sinin
1081 1268 1471 1336 infandumque
1512 1267 1709 1320 dedisti

141 1340 440 1411 Cercyona,
480 1346 536 1394 et
573 1361 793 1395 saevum
831 1343 1000 1395 velles
1041 1341 1266 1395 Scirona
1307 1346 1619 1394 crematum.

143 1415 315 1469 Credo
357 1421 411 1469 et
448 1416 763 1469 Amazoniis
805 1416 1015 1468 Tanain
1051 1415 1289 1468 fumasse
1330 1415 1613 1483 sepulcris,

141 1488 296 1542 Unde
325 1489 460 1542 haec
484 1508 635 1542 arma
660 1490 851 1558 refers3
877 1490 967 1542 sed
995 1492 1050 1542 et
1074 1489 1218 1542 hunc
1244 1489 1468 1558 dignare
1484 1488 1837 1558 triumphum.

141 1563 228 1616 Da
266 1564 425 1616 terris
465 1582 631 1615 unum
672 1564 925 1632 caeloque
964 1563 1251 1632 Ereboque
1291 1562 1555 1629 laborem,
1749 1576 1835 1616 580

143 1635 203 1689 Si
240 1638 477 1706 patrium
515 1637 841 1691 Marathona
880 1641 1051 1705 metu,
1092 1638 1138 1690 si
1176 1640 1322 1689 tecta
1362 1637 1554 1688 levasti

146 1709 355 1779 Cresia,
394 1729 491 1764 nec
529 1711 674 1764 fudit
712 1729 879 1764 vanos
921 1729 1055 1764 anus
1096 1711 1318 1780 hospita
1356 1710 1530 1763 fletus,

143 1782 232 1837 Sic
271 1785 375 1837 tibi
411 1803 522 1838 non
561 1786 704 1838 ullae
745 1785 891 1838 socia
931 1785 1045 1838 sine
1085 1785 1308 1837 Pallade
1347 1801 1582 1853 pugnae,

142 1857 258 1911 Nec
299 1877 450 1911 sacer
487 1859 729 1911 invideat
767 1859 989 1928 paribus
1029 1858 1345 1926 Tirynthius
1387 1859 1546 1925 actis,

145 1930 369 2000 Semper
407 1935 462 1985 et
499 1933 557 1984 in
597 1950 780 1998 curru,
821 1950 1032 2000 semper
1071 1935 1125 1984 te
1164 1935 1340 1983 mater
1380 1936 1634 1983 ovantem
1750 1944 1836 1984 585

145 2003 368 2074 Cernat,
408 2009 463 2058 et
501 2006 734 2058 invictae
773 2006 852 2058 nil
891 2006 1002 2058 tale
1041 2008 1326 2074 precentur
1366 2004 1650 2057 Athenae?

219 2077 470 2147 Dixerat3
512 2079 788 2148 excipiunt
826 2082 1051 2132 cunctae
1090 2079 1423 2147 tenduntque
1463 2082 1746 2146 precantes

147 2151 282 2207 Cum
323 2154 558 2206 clamore
599 2172 813 2222 manus3
854 2153 1039 2205 rubuit
1075 2151 1386 2222 Neptunius
1427 2152 1587 2204 heros

143 2225 426 2279 Permotus
465 2227 726 2295 lacrimis3
767 2228 913 2279 iusta
952 2245 1078 2280 mox
1118 2226 1359 2279 concitus
1399 2226 1481 2277 ira

145 2299 453 2353 Exclamat:
495 2300 803 2363 ‘Quaenam
842 2301 949 2353 ista
987 2319 1156 2354 novos
1197 2300 1408 2352 induxit
1446 2298 1646 2368 Erinys
1752 2312 1837 2353 590

266 2434 353 2472 564
376 2428 629 2473 Aversator
645 2435 677 2472 P
701 2431 715 2486 ΙΙ
739 2435 824 2474 565
850 2431 1036 2485 iamque
1069 2430 1250 2473 eminus
1266 2431 1492 2474 Barthius
1515 2432 1530 2486 ΙΙ
1554 2434 1639 2474 568
1657 2430 1837 2485 putres-

150 2501 239 2543 que
271 2493 303 2529 P
327 2489 342 2543 ΙΙ
367 2493 451 2532 569
483 2488 679 2532 Verrere
710 2493 784 2531 PB
798 2489 855 2531 0²
889 2493 1020 2545 (corr.
1054 2504 1108 2533 ecc
1142 2490 1351 2545 Vertere)
1385 2494 1453 2531 cR
1485 2490 1609 2533 Dan.
1644 2488 1838 2531 Vertere

151 2552 177 2589 Β
220 2547 362 2591 Urere
403 2551 448 2589 M
487 2549 585 2592 edd.
622 2550 628 2604 Ι
662 2547 941 2604 permittant
978 2553 1009 2590 P
1047 2550 1062 2605 ΙΙ
1102 2553 1185 2592 571
1212 2548 1388 2592 .volent
1426 2549 1688 2592 Lemairz'us
1728 2546 1838 2589 ado-
1897 2578 1905 2583 .

148 2605 248 2649 lent
301 2605 609 2651 Baehrensius
642 2609 658 2662 ΙΙ
697 2611 782 2650 572
839 2620 1010 2650 ausura
1064 2612 1096 2649 P
1154 2620 1295 2650 usura
1349 2607 1660 2651 Baehrensius
1696 2607 1711 2661 ΙΙ
1751 2610 1837 2649 576

149 2664 371 2731 monstris
413 2664 485 2708 sin
515 2670 547 2707 P
579 2680 638 2709 m.
674 2665 713 2708 si
744 2664 909 2709 noneri
941 2671 968 2708 8
999 2680 1058 2709 m.
1094 2665 1305 2710 sinonem
1335 2670 1369 2709 Β
1401 2680 1457 2709 m.
1490 2679 1571 2709 sec.
1606 2679 1628 2707 c
1659 2664 1770 2708 Beh.
1804 2669 1837 2709 2

146 2724 274 2768 Dan.
316 2723 358 2778 si
388 2741 421 2767 n
454 2723 510 2766 (3²
541 2739 598 2768 m.
632 2739 706 2780 pr.
746 2723 914 2781 (sicion
946 2727 1004 2768 al.
1030 2740 1086 2770 m.
1119 2739 1347 2780 suprascr.
1339 2726 1370 2781 .>
1402 2723 1599 2766 busirim
1628 2727 1661 2765 B
1693 2737 1836 2779 mary.

146 2784 256 2828 Beh
299 2788 324 2827 1
366 2787 491 2826 GHT
528 2785 543 2839 ΙΙ
582 2788 666 2827 577
716 2783 950 2839 Cercyone
988 2788 1022 2826 B
1071 2782 1218 2840 Cergy
1223 2797 1283 2827 on
1328 2789 1360 2826 P
1400 2782 1600 2827 Ceciona
1639 2782 1697 2824 (³²
1731 2785 1737 2837 1
1774 2781 1836 2826 ci-

147 2855 287 2943 ronad·
300 2847 332 2885 P
373 2841 599 2900 schirona}
629 2846 713 2884 BH
749 2845 764 2898 ΙΙ
805 2847 889 2887 582
924 2842 1108 2888 Cressia
1138 2848 1223 2885 PM
1261 2844 1275 2898 ΙΙ
1315 2847 1400 2886 583
1433 2840 1626 2897 pallada
1656 2845 1688 2883 P
1712 2841 1727 2897 ΙΙ
1752 2845 1836 2885 589

152 2913 239 2944 con
275 2900 432 2944 itusP
