2028 3190
689 181 1033 227 THEBAIDOS
1065 182 1175 227 LIB.
1208 183 1263 227 X.
1725 183 1832 236 269

140 307 332 375 Arma,
372 305 535 374 dapes
575 304 862 374 ignemque
901 304 1104 374 ferunt3
1145 322 1238 357 rex
1276 304 1460 357 firmat
1499 307 1709 357 euntes:
1774 317 1831 357 20

138 379 415 434 ‘Victores
455 377 706 431 Danaum
747 375 943 448 (neque
982 378 1123 431 enim
1164 378 1256 431 lux
1296 379 1535 432 crastina
1573 378 1758 448 longe,

140 453 255 509 Nec
295 471 433 523 quae
471 470 570 522 pro
612 451 817 505 timidis
857 453 1208 506 intercessere
1248 453 1502 506 tenebrae

143 525 367 597 Semper
408 523 607 598 erunt),
646 529 840 597 augete
882 526 1091 579 animos
1134 530 1187 579 et
1226 527 1392 596 digna
1432 526 1676 579 secundis

142 602 372 655 Pectora
410 601 547 653 ferte
587 600 715 653 deis.
791 599 941 653 Iacet
981 600 1156 653 omnis
1198 601 1375 671 gloria
1415 600 1621 654 Lernae

142 675 576 744 Praecipuaeque
617 692 831 727 manus:
873 674 1041 727 subiit
1079 674 1297 727 ultricia
1337 674 1547 743 Tydeus
1779 687 1835 727 25

144 749 393 817 Tartara,
431 748 580 802 Mors
622 748 859 801 subitam
897 747 1041 818 nigri
1082 751 1263 817 stupet
1303 749 1522 818 auguris
1563 748 1838 817 umbram,

144 823 388 877 Ismenos
427 821 600 891 raptis
641 825 815 875 tumet
852 821 1310 892 Hippomedontis
1352 822 1569 892 opimis,

144 896 360 951 Arcada
398 896 676 966 belligeris
715 895 883 966 pudet
922 897 1274 950 adnumerare
1312 896 1569 965 tropaeis,

143 970 210 1025 In
247 970 496 1024 manibus
537 988 764 1040 merceS‚
803 988 1069 1039 nusquam
1110 971 1290 1040 capita
1329 971 1496 1023 ardua
1534 970 1666 1024 belli

144 1045 586 1114 Monstrataeque
627 1044 822 1097 ducum
863 1048 1086 1114 septena
1124 1063 1222 1113 per
1261 1045 1479 1115 agmina
1519 1044 1738 1114 cristae3
1780 1058 1836 1110 3Q

147 1118 365 1173 Scilicet
402 1118 628 1172 Adrasti
669 1118 877 1172 senium
916 1118 1190 1188 fraterque
1229 1119 1451 1172 iuventa

144 1193 306 1246 Peior
344 1195 398 1245 et
435 1192 641 1246 insanis
683 1190 966 1263 Capaneus
1007 1193 1326 1246 metuendus
1366 1193 1423 1245 in
1464 1193 1646 1246 armis.

146 1266 230 1320 Ite
270 1283 371 1336 age
410 1269 465 1320 et
504 1267 740 1320 obsessis
779 1267 1002 1336 vigilem
1044 1267 1371 1320 circumdate
1409 1267 1711 1320 flammam!

145 1339 300 1395 Nulli
341 1357 406 1392 ex
443 1340 599 1392 hoste
639 1343 838 1393 metus:
878 1340 1134 1409 praedam
1176 1340 1474 1395 adservatis
1516 1359 1751 1410 opesque

147 1413 265 1467 Iam
303 1412 546 1466 vestras?
624 1412 712 1467 Sic
751 1414 844 1466 ille
884 1418 1063 1467 truces
1103 1414 1413 1473 hortatibus
1453 1415 1644 1483 implet
1787 1427 1843 1467 35

149 1486 508 1556 Labdacidas,
547 1487 699 1540 iuvat
739 1487 1033 1540 exhaustos
1072 1488 1268 1540 iterare
1308 1489 1538 1542 labores,

152 1559 304 1615 Sicut
342 1564 498 1614 erant
537 1557 742 1631 (pulvis
785 1561 1049 1631 sudorque
1091 1579 1352 1631 cruorque
1392 1580 1489 1632 per
1530 1565 1680 1615 artus

151 1633 352 1688 Mixtus
393 1632 614 1704 adhuc),
654 1637 861 1688 vertere
904 1635 1153 1704 gradum3
1194 1635 1284 1688 vix
1325 1636 1486 1690 obvia
1524 1637 1673 1705 passi

154 1706 479 1778 Conloquia‚
521 1709 801 1778 amplexus
842 1710 1008 1763 etiam
1050 1709 1374 1779 dextrasque
1416 1728 1637 1764 suorum

153 1782 454 1836 Excussere
492 1783 710 1836 umeris.
787 1782 925 1836 Tum
964 1783 1199 1836 frontem
1239 1802 1533 1854 aversaque
1573 1787 1728 1854 terga
1790 1798 1846 1838 40

155 1855 356 1909 Partiti
393 1856 734 1925 laterumque
775 1857 947 1925 sinuS,
987 1857 1195 1910 vallum
1235 1858 1470 1927 undique
1511 1858 1736 1927 cingunt

154 1928 381 1999 Ignibus
420 1929 647 1983 infestis,
725 1929 925 1983 Rabidi
966 1930 1042 1983 sic
1082 1931 1298 2000 agmine
1338 1932 1509 1984 multo

156 2000 266 2056 Sub
306 2007 521 2056 noctem
562 2004 737 2057 coiere
776 2004 915 2073 lupi,
954 2022 1089 2073 quos
1131 2004 1383 2057 omnibus
1424 2005 1572 2075 agris

155 2075 250 2130 Nil
288 2095 396 2130 non
438 2096 569 2131 ausa
608 2077 778 2131 fames
819 2078 984 2148 longo
1024 2079 1268 2131 tenuavit
1306 2078 1483 2131 hiatu:

155 2149 274 2203 Iam
299 2151 515 2204 stabula
538 2152 657 2220 ipsa
681 2156 950 2222 premunt,
982 2155 1202 2221 torquet
1226 2170 1348 2222 spes
1375 2152 1543 2206 inrita
1566 2152 1763 2222 faucae,
1791 2166 1847 2206 45

156 2222 486 2294 Balatusque
526 2228 761 2279 tremens
800 2226 1136 2296 pinguesque
1179 2227 1246 2279 ab
1288 2226 1522 2280 ovilibus
1564 2245 1749 2296 aurae3

283 2432 341 2472 20
372 2428 529 2483 Arma,
561 2429 688 2473 faces
721 2432 835 2475 coni.
870 2431 1243 2490 Lindcnbroqius
1269 2432 1276 2488 Ι
1304 2430 1454 2475 ferum
1484 2436 1516 2474 P
1547 2429 1659 2475 ferit
1683 2436 1709 2473 Β
1737 2432 1743 2486 Ι
1771 2442 1851 2473 rex

164 2487 318 2530 armat
347 2491 379 2529 P
416 2489 432 2544 ΙΙ
471 2494 524 2532 21
566 2502 716 2544 neque
747 2494 778 2531 P
810 2503 897 2533 nec
929 2491 1064 2535 cete-ri
1100 2491 1114 2546 ΙΙ
1149 2495 1206 2535 26
1239 2488 1396 2534 subita
1426 2495 1458 2533 P
1500 2491 1515 2546 ΙΙ
1553 2494 1610 2534 28
1642 2487 1851 2545 tropheis

163 2549 275 2588 PBS
312 2546 328 2602 ΙΙ
366 2551 421 2590 33
465 2547 592 2603 agite
636 2547 733 2591 obe.
766 2563 808 2593 v.
842 2548 1128 2592 circumdare
1161 2548 1191 2592 f.
1226 2549 1442 2594 Menkius
1473 2550 1568 2594 coll.
1606 2548 1689 2591 XI
1715 2551 1806 2592 478
1838 2548 1853 2604 Η

164 2608 221 2648 36
253 2618 344 2661 sqq.
391 2607 527 2650 verba
565 2612 724 2662 poetae
771 2608 840 2652 ita
886 2608 1212 2665 distinyuenda
1250 2612 1291 2653 et
1335 2610 1568 2667 Ieyendum
1608 2620 1697 2650 esse
1737 2619 1850 2650 cens.

167 2664 502 2709 Marklandus:
535 2663 735 2719 labores,
770 2664 900 2709 Sicut
931 2668 1076 2710 erant.
1125 2665 1286 2711 Pulvis
1320 2681 1353 2710 s.
1389 2681 1424 2711 c.
1452 2683 1496 2724 p.
1526 2680 1565 2709 a.
1591 2665 1651 2708 M.
1686 2664 1850 2708 adhuc.

164 2721 358 2766 Vertere
396 2724 483 2767 etc.
515 2724 530 2779 11
562 2729 616 2768 37
649 2738 710 2790 sq.
752 2725 1175 2781 Inter-punctionem
1206 2739 1318 2771 corr.
1356 2727 1626 2771 Duebnerus
1657 2725 1673 2780 ΙΙ
1704 2729 1759 2768 38
1793 2722 1854 2767 ad

163 2780 287 2825 hunc
325 2786 357 2824 P
388 2785 403 2839 ΙΙ
435 2787 489 2827 42
523 2781 685 2827 infest1
716 2783 818 2826 1³0²
848 2785 956 2828 Beh.
1001 2788 1026 2828 1
1058 2785 1184 2829 Dan.
1213 2787 1219 2840 1
1247 2784 1397 2828 multo
1429 2789 1461 2827 P
1504 2782 1652 2827 mixto
1684 2783 1817 2827 ceteri
1838 2782 1854 2840 ΙΙ

163 2853 231 2885 vv.
271 2845 328 2885 45
375 2845 416 2886 et
455 2847 511 2886 46
558 2843 610 2886 in
651 2846 684 2884 P
729 2843 848 2887 inter
885 2857 930 2887 se
969 2845 1237 2900 transpositi
1282 2845 1494 2901 leyuntur
1532 2844 1546 2898 [1
1586 2846 1640 2886 46
1698 2853 1853 2893 aurae,

163 2910 391 2955 suprascr.
424 2903 446 2942 t
477 2914 625 2957 agnae
656 2905 688 2943 P
721 2914 870 2957 agnae
903 2906 1048 2956 ορατ
1082 2901 1201 2949 Colb.
