2072 3216
736 186 1077 233 THEBAIDOS
1108 186 1221 232 LIB.
1253 186 1332 232 VI.
1768 183 1874 237 169

0 328 12 382 ,²
63 323 156 367 700
186 311 348 366 Molis
386 310 732 380 praevalidae
770 309 1003 379 castigat
1039 309 1258 378 pulvere
1295 309 1496 377 lapsus·

183 386 289 439 Illa
327 403 491 438 manu
530 401 729 454 magna
769 387 824 437 et
862 383 1036 436 multo
1075 382 1286 436 felicior
1325 382 1458 451 exit,

184 458 300 514 Nec
338 462 550 529 partem
590 459 842 527 exiguam
882 457 1009 511 circi
1049 458 1356 510 transvecta
1396 455 1614 525 quievit.
1789 466 1874 508 680

183 532 274 587 Fit
312 551 498 602 sonus,
537 535 592 585 et
630 532 738 586 fixa
778 532 1027 601 signatur
1065 534 1212 583 terra
1252 530 1470 600 sagitta.

186 607 403 661 Tertius
442 576 825 676 Hippomedon
862 605 1042 659 valida
1082 604 1150 657 ad
1189 604 1486 657 certamina
1523 603 1709 657 tardos

60 692 152 736 705
185 681 414 736 Molitur
454 698 695 751 gressus3
715 695 966 748 namque
1004 678 1161 731 illum
1201 677 1357 731 corde
1399 678 1498 731 sub
1540 678 1651 730 alto

185 755 261 809 Et
301 773 456 809 casus
494 754 772 824 Phlegyae
811 755 996 806 monet
1034 756 1088 806 et
1127 752 1348 805 fortuna
1385 749 1706 805 Menesthei.

184 828 369 900 Erigit
408 828 691 882 adsuetum
732 828 952 880 dextrae
992 829 1284 895 certamen,
1325 829 1380 879 et
1420 826 1530 879 alte
1789 837 1873 878 685

189 901 511 957 Sustentans
551 903 890 973 rigidumque
929 901 1074 954 latus
1114 900 1389 969 fortesque
1427 900 1660 953 lacertos

186 976 435 1032 Consulit
473 994 534 1030 ac
572 980 727 1030 vasto
768 978 1090 1044 contorquet
1127 974 1365 1044 turbine,
1406 977 1461 1027 et
1499 974 1615 1042 ipse

0 1055 16 1078 ¹
64 1061 155 1104 '710
185 1050 555 1121 Prosequitur.
630 1050 798 1119 Fugit
834 1049 1102 1103 horrendo
1142 1066 1238 1118 per
1276 1048 1461 1101 inania
1501 1047 1646 1101 saltu

128 1173 137 1181 .
185 1125 407 1195 Iamque
446 1125 636 1195 procul
675 1124 926 1177 meminit
966 1123 1185 1176 dextrae
1225 1125 1513 1192 servatque
1552 1125 1794 1175 tenorem

183 1198 403 1269 Discus,
440 1216 539 1252 nec
579 1198 743 1251 dubia
780 1198 1034 1251 iunctave
1073 1195 1390 1250 Menesthea
1428 1196 1631 1249 victum
1790 1207 1875 1248 690

186 1272 501 1326 Transabiit
540 1275 708 1325 meta:
747 1273 910 1341 longe
951 1289 1112 1339 super
1153 1271 1367 1324 aemula
1407 1270 1564 1340 signa

188 1345 448 1400 Consedit
486 1346 791 1415 viridesque
830 1363 1047 1398 umeros
1089 1347 1143 1397 et
1183 1362 1354 1412 opaca
1392 1343 1594 1397 theatri

63 1430 154 1474 715
186 1418 436 1475 Culmina
474 1437 571 1472 ceu
608 1420 751 1471 latae
790 1418 1094 1471 tremefecit
1132 1418 1276 1470 mole
1307 1418 1518 1470 ruinae:

188 1493 359 1557 Quale
398 1492 705 1562 vaporifera
746 1510 935 1545 saxum
973 1491 1339 1561 Polyphemus
1380 1491 1448 1543 ab
1489 1490 1668 1543 Aetna

185 1566 346 1621 Lucis
385 1569 578 1637 egente
616 1578 780 1620 manu
818 1569 1006 1620 tamen
1044 1566 1102 1618 in
1139 1565 1375 1634 vestigia
1412 1565 1608 1634 puppis
1791 1577 1874 1618 695

65 1651 155 1695 718
186 1640 421 1695 Auditae
460 1640 716 1710 iuxtaque
756 1639 1033 1692 inimicum
1074 1639 1254 1707 exegit
1291 1637 1503 1692 Ulixen.

62 1725 157 1770 722
263 1714 404 1768 Tum
444 1714 659 1785 genitus
699 1713 868 1767 Talao
907 1713 1102 1767 victori
1139 1712 1309 1782 tigrin
1346 1712 1565 1766 inanem

185 1787 271 1842 Ire
311 1789 483 1853 iubet,
521 1787 672 1841 fulvo
713 1805 848 1856 quae
890 1785 1214 1840 circumfusa
1250 1786 1462 1839 nitebat

0 1910 14 1926 „
185 1861 431 1932 Margine
471 1864 527 1914 et
566 1864 832 1914 extremos
874 1878 1004 1913 auro
1045 1862 1422 1913 mansueverat
1460 1876 1683 1929 ungues
1744 1862 1748 1865 ’

0 1937 15 1967 ³
64 1952 158 1995 725
191 1934 490 1989 Gnosiacos
531 1952 683 1987 arcus
723 1934 890 1987 habet
929 1936 982 1986 et
1020 1949 1161 2002 vaga
1198 1932 1312 1985 tela
1349 1932 1708 1985 Menestheus.
1791 1945 1875 1986 700

0 2014 2 2016 ’
188 2008 283 2062 At
320 2007 442 2062 tibi'
484 2008 586 2078 ait,
624 2007 917 2077 Phlegya,
956 2025 1085 2060 casu
1123 2006 1418 2058 frustrante
1458 2006 1705 2074 sinistr0,

186 2081 371 2151 Hunc,
409 2050 682 2151 quondam
722 2081 898 2134 nostri
937 2080 1096 2135 decus
1138 2079 1498 2149 auxiliumque
1537 2079 1778 2149 Pelasgi,

305 2246 406 2287 699.
443 2242 575 2285 ‘auro
610 2268 663 2275 —
698 2242 896 2299 ungues'
934 2241 1080 2285 Serv.
1116 2240 1177 2284 ad
1207 2240 1321 2285 Aen.
1355 2239 1463 2284 VIII
1496 2245 1594 2285 553.

308 2380 392 2419 679
425 2374 509 2419 Ille
540 2380 608 2429 Pp
636 2378 643 2432 Ι
669 2375 817 2419 multo
849 2379 976 2419 Ρῦπ
1006 2375 1208 2419 multum
1239 2374 1394 2417 BG’M
1418 2376 1432 2431 ΙΙ
1457 2379 1542 2420 685
1575 2375 1811 2418 certamen
1841 2379 1874 2416 P

179 2435 310 2491 prob.
356 2434 555 2479 Barthio
594 2435 674 2491 qui
711 2436 884 2490 confert
929 2434 1056 2492 Very.
1097 2435 1282 2489 Ecl.7‚
1325 2439 1384 2479 16
1422 2435 1666 2490 gestamen
1697 2434 1832 2500 ceteri
1860 2434 1876 2490 ΙΙ

188 2496 274 2537 688
307 2493 356 2535 et
394 2491 518 2548 fugit
547 2497 580 2535 P
602 2494 618 2548 ΙΙ
642 2498 728 2538 690
759 2492 1013 2550 iunctaque
1045 2498 1122 2536 PG
1146 2494 1160 2551 ΙΙ
1185 2497 1267 2538 691
1301 2494 1452 2537 metas
1484 2498 1517 2535 P
1539 2495 1555 2551 u
1579 2497 1665 2537 696
1696 2490 1873 2535 inicum

186 2555 219 2594 P
245 2556 251 2604 1
281 2549 439 2594 ulixen
476 2555 632 2595 PBrE
669 2551 844 2596 ulixem
874 2556 1024 2595 boGT
1061 2552 1247 2609 ulyxem
1278 2552 1419 2598 Behh.
1444 2555 1459 2609 ΙΙ
1486 2553 1598 2597 Post
1626 2566 1666 2597 v.
1702 2555 1792 2595 696
1822 2551 1875 2595 in

185 2613 274 2653 BH
314 2611 409 2655 cod.
442 2610 760 2656 Arondeliomo
799 2613 1012 2668 leyuntur
1049 2613 1098 2655 hi
1136 2617 1225 2657 tres
1254 2625 1431 2657 versus:
1472 2610 1548 2655 Sic
1581 2611 1629 2654 et
1659 2607 1870 2663 Aloidae,

187 2682 292 2713 cum
323 2667 421 2735 iam
452 2668 658 2713 calcaret
690 2669 777 2726 Oly
748 2685 941 2727 ympum
973 2670 1184 2727 Desuper
1216 2670 1334 2714 Ossa
1363 2669 1535 2727 rigens,
1567 2670 1720 2725 ipsum
1753 2666 1876 2723 (ipsa

184 2732 224 2771 Β
255 2728 340 2773 Ar.
388 2726 542 2785 ipsam
581 2731 640 2784 Η)
689 2727 889 2784 glaciale
936 2729 1152 2774 ferebant
1194 2729 1396 2784 <ferebat
1435 2731 1559 2774 codd.
1566 2731 1581 2784 )
1622 2725 1786 2771 Pelion
1825 2726 1874 2770 et

185 2785 370 2844 trepido
411 2787 665 2843 sperabant
697 2787 967 2845 (spirabant
996 2792 1051 2845 R.)
1082 2787 1276 2845 iungere
1308 2788 1453 2842 caelo,
1485 2800 1595 2844 quos
1626 2785 1833 2850 expunxi
1859 2785 1876 2843 ΙΙ

186 2849 281 2946 gog
291 2845 616 2949 ἂοιῖἓηπιῇῌεε,
653 2850 685 2888 P
715 2848 731 2903 [Ι
764 2851 846 2892 701
888 2847 1142 2891 frustrante
1180 2852 1213 2890 P
1251 2847 1473 2891 frustrate
1511 2850 1555 2888 Π
1593 2842 1809 2888 frustiate
1839 2847 1873 2887 B

230 2916 288 2947 au
324 2917 352 2948 a
431 2910 464 2947 ⁹1·
