2008 3198
673 164 1016 247 THEBAIDOS
1047 201 1157 246 LIB.
1190 201 1267 247 IV.
1727 201 1833 254 103

142 325 414 396 Expectat
450 326 672 378 firmans
714 325 954 377 animum
993 326 1047 376 et
1086 323 1337 376 sudantia
1375 322 1499 376 nisu

142 399 276 453 Tela
306 417 577 469 premens3
619 398 769 468 gelat
802 416 897 451 ora
931 415 1102 467 pavor
1135 413 1457 467 gressusque
1489 400 1836 465 tremescunt,

143 472 276 536 Quis
315 474 499 527 veniat
538 475 897 542 quantusque,
937 471 1029 524 sed
1068 471 1290 524 horrida
1329 471 1485 541 signa
1521 470 1803 524 frementis

145 547 369 618 Accipit
399 551 453 600 et
492 565 648 600 caeca
684 546 907 599 metitur
945 563 1223 599 murmura
1262 563 1404 599 cura.

219 620 402 691 Atque
425 621 513 675 hic
529 620 762 674 Tiresias
785 619 1025 673 nondum
1050 619 1468 672 adventantibus
1492 618 1724 673 umbris:
1750 631 1835 673 500

147 694 398 748 ‘Testor'
439 696 539 765 ait,
579 694 784 762 ‘Diras‚
825 693 1018 763 quibus
1058 693 1202 745 hunc
1242 693 1605 746 saturavimus
1652 692 1836 763 ignem

147 768 430 839 Laevaque
470 769 760 822 convulsae
802 767 1043 820 dedimus
1084 766 1359 820 carchesia
1398 770 1598 836 terrae,

146 841 263 895 Iam
301 861 509 913 nequeo
548 842 784 896 tolerare
822 859 1045 895 moram.
1123 839 1391 895 Cassusne
1432 841 1679 894 sacerdos

148 915 393 969 Audior‘?
434 936 523 986 an,
562 915 750 969 rabido
791 916 976 968 iubeat
1016 915 1063 968 si
1101 914 1365 969 Thessala
1404 918 1588 982 cantu,

146 989 345 1043 Ibitis?
385 993 440 1043 et
480 989 749 1060 Scythicis
791 989 1040 1059 quotiens
1079 989 1346 1043 medicata
1384 989 1606 1043 venenis
1750 1002 1837 1043 505
1880 1032 1882 1034 .

147 1061 368 1118 Colchis
408 1067 560 1134 aget,
597 1063 809 1133 trepido
848 1063 1132 1133 pallebunt
1171 1062 1400 1116 Tartara
1439 1062 1629 1117 motu?

147 1136 339 1191 Nostri
378 1155 504 1191 cura
541 1138 747 1207 minor,
788 1138 834 1190 si
872 1156 982 1190 non
1022 1138 1269 1190 attollere
1308 1137 1484 1191 bustis

148 1209 391 1281 Corpora
427 1230 526 1266 nec
563 1213 754 1281 plenas
795 1210 1032 1281 antiquis
1074 1211 1285 1265 ossibus
1325 1230 1489 1264 urnas

145 1283 384 1355 Egerere
424 1290 480 1340 et
519 1286 718 1339 mixtos
758 1285 998 1354 caelique
1037 1285 1306 1355 Erebique
1347 1286 1447 1339 sub
1486 1303 1653 1338 unum

147 1356 448 1413 Funestare
487 1360 613 1412 deos
654 1359 789 1412 libet
829 1363 924 1411 aut
964 1359 1232 1429 exanguia
1269 1359 1414 1412 ferro
1752 1371 1839 1412 510

152 1430 263 1485 Ora
303 1433 455 1502 sequi
495 1437 656 1501 atque
698 1449 890 1501 aegras
930 1432 1241 1485 functorum
1281 1449 1500 1501 carpere
1538 1432 1742 1485 fibras?

148 1504 235 1559 Ne
273 1509 464 1559 tenues
505 1525 674 1560 annos
715 1507 1019 1575 nubemque
1059 1506 1198 1559 hanc
1237 1506 1432 1560 frontis
1473 1523 1675 1575 opacae

151 1577 423 1648 Spernite,
461 1599 551 1650 ne,
590 1598 807 1648 mone03
847 1582 902 1632 et
940 1579 1098 1632 nobis
1140 1580 1345 1634 saevire
1385 1580 1631 1634 facultas,

150 1651 415 1707 Novimus
456 1658 511 1707 et
550 1654 804 1723 quidquid
843 1653 950 1707 dici
986 1653 1245 1723 noscique
1284 1654 1513 1723 timetiS,

149 1725 225 1780 Et
261 1728 482 1781 turbare
521 1727 786 1793 Hecaten,
824 1727 882 1780 ni
920 1731 998 1796 te,
1037 1727 1398 1797 Thymbraee,
1436 1745 1650 1781 vererer
1754 1740 1839 1781 515

149 1798 226 1852 Et
262 1801 493 1871 triplicis
533 1802 719 1854 mundi
760 1820 1027 1854 summum
1037 1843 1050 1869 ,
1090 1819 1249 1870 quem
1290 1803 1424 1855 scire
1463 1800 1751 1854 nefastum.

152 1872 316 1926 Illum
358 1904 421 1912 -
468 1875 561 1927 sed
598 1878 774 1928 taceo:
814 1874 1067 1942 prohibet
1105 1876 1404 1945 tranquilla
1444 1878 1707 1928 senectus,

152 1945 373 2015 Iamque
413 1964 512 2017 ego
552 1965 648 2000 vos
694 1947 778 1985 —'
820 1948 993 2000 Avide
1034 1948 1232 2001 subicit
1271 1948 1544 2002 Phoebeia
1582 1946 1790 2002 Manto:

155 2017 419 2090 ‘Auem-is,
459 2021 695 2091 genitor,
733 2021 1035 2090 vulgusque
1076 2039 1319 2092 exangue
1358 2021 1699 2091 propinquat.

153 2092 417 2147 Panditur
454 2094 702 2165 Elysium
743 2094 906 2148 chaos
915 2137 929 2163 ,
970 2099 1024 2147 et
1062 2095 1274 2148 telluris
1317 2099 1535 2165 opertae
1755 2108 1841 2149 520

153 2165 373 2221 Dissilit
410 2169 603 2222 umbra
643 2187 811 2238 capax
822 2210 836 2237 ,
878 2169 1152 2238 silvaeque
1193 2172 1247 2223 et
1285 2170 1443 2239 nigra
1481 2171 1768 2238 patescunt

273 2347 374 2387 514.
411 2343 602 2387 ‘scimus
627 2343 891 2388 -timetis'
928 2343 1099 2388 schol.
1133 2343 1331 2388 Lucan.
1365 2343 1429 2387 VI
1463 2348 1546 2389 732
1578 2358 1622 2400 p.
1656 2348 1743 2389 496
1767 2343 1844 2391 W.

274 2509 362 2547 496
411 2503 659 2548 suadentia
704 2509 736 2547 P
759 2507 775 2562 ΙΙ
799 2509 882 2549 501
932 2505 1071 2549 diuae
1102 2508 1232 2547 Pnu
1279 2503 1409 2549 dirae
1448 2505 1560 2550 Belo.
1609 2508 1740 2561 (corr.
1788 2519 1843 2548 ex

158 2561 315 2618 diuae)
349 2560 450 2605 diui
474 2564 540 2607 vel
572 2562 705 2607 diuos
731 2568 823 2606 Hm
846 2563 983 2607 Diras
1009 2578 1122 2608 corr
1150 2564 1373 2608 Heinsius
1397 2562 1530 2608 divas
1558 2563 1840 2620 Muellerus!

159 2620 475 2665 saturabimus
505 2625 538 2663 P
561 2624 576 2677 ΙΙ
599 2627 684 2667 502
718 2622 953 2678 Plenaque
987 2622 1212 2667 convulsa
1236 2622 1277 2668 d.
1305 2636 1342 2666 c
1368 2623 1496 2666 terra
1522 2623 1814 2688 Peyraredus
1829 2621 1845 2679 ΙΙ

156 2684 243 2725 505
275 2679 512 2724 medicata
541 2684 618 2723 PG
650 2683 829 2725 armata
859 2681 1013 2724 Rem
1036 2684 1051 2738 ΙΙ
1075 2686 1162 2725 506
1195 2681 1295 2738 agit
1326 2684 1446 2738 1²11„
1470 2687 1555 2726 509
1589 2679 1709 2725 caeli
1735 2681 1843 2737 (quc

155 2742 258 2795 om.)
290 2743 322 2782 P
353 2741 368 2795 ΙΙ
401 2742 486 2783 510
525 2739 781 2796 exsanguia
818 2740 940 2784 ferro
974 2741 1013 2798 ‚ſs
1047 2745 1078 2782 P
1112 2738 1153 2797 l·
1185 2753 1341 2784 morsu
1372 2745 1405 2783 P
1435 2755 1576 2797 mary.
1612 2738 1845 2796 exanguia

155 2810 315 2842 morsu
346 2802 381 2841 G
403 2799 419 2855 ΙΙ
442 2802 529 2841 514
560 2796 785 2842 Novimus
817 2803 895 2842 PG
926 2798 1106 2843 Scimus
1139 2798 1266 2843 enim
1297 2801 1430 2844 ceteri
1451 2801 1467 2855 ΙΙ
1491 2803 1575 2843 515
1604 2799 1844 2856 turparem

156 2855 466 2902 Baeha‘emius
497 2858 512 2911 n
545 2861 629 2901 517
669 2858 851 2913 siynum
888 2853 1258 2913 ἄποσιωπήσεως
1288 2860 1447 2915 posunt
1488 2857 1707 2902 Menkius
1739 2858 1843 2904 coll.

157 2913 273 2960 Ach.
313 2916 348 2959 I
383 2919 471 2960 158
494 2916 508 2971 ΙΙ
534 2920 618 2959 519
652 2928 885 2973 exsangue
916 2921 980 2959 Pr
1003 2918 1018 2972 ΙΙ
1043 2921 1125 2960 521
1161 2917 1301 2960 umbo
1338 2916 1651 2962 Marklandus
