<?xml version="1.0" encoding="UTF-8"?>
<!DOCTYPE html PUBLIC "-//W3C//DTD XHTML 1.0 Transitional//EN"
    "http://www.w3.org/TR/xhtml1/DTD/xhtml1-transitional.dtd">
<html xmlns="http://www.w3.org/1999/xhtml" xml:lang="en" lang="en">
 <head>
  <title>
</title>
<meta http-equiv="Content-Type" content="text/html;charset=utf-8" />
  <meta name='ocr-system' content='tesseract 3.04.00' />
  <meta name='ocr-capabilities' content='ocr_page ocr_carea ocr_par ocr_line ocrx_word'/>
</head>
<body>
  <div class='ocr_page' id='page_1' title='image "./operapapinius212statuoft_0424.png"; bbox 0 0 2028 3190; ppageno 0'>
   <div class='ocr_carea' id='block_1_1' title="bbox 238 128 1356 182">
    <p class='ocr_par' dir='ltr' id='par_1_1' title="bbox 238 128 1356 182">
     <span class='ocr_line' id='line_1_1' title="bbox 238 128 1356 182; baseline 0.003 -11"><span class='ocrx_word' id='word_1_1' title='bbox 238 128 346 182; x_wconf 82' lang='lat'>336</span> <span class='ocrx_word' id='word_1_2' title='bbox 819 129 869 174; x_wconf 89' lang='lat' dir='ltr'>P.</span> <span class='ocrx_word' id='word_1_3' title='bbox 903 128 1131 174; x_wconf 89' lang='lat' dir='ltr'>PAPINII</span> <span class='ocrx_word' id='word_1_4' title='bbox 1161 129 1356 174; x_wconf 83' lang='lat' dir='ltr'><strong>STATII</strong></span> 
     </span>
    </p>
   </div>
   <div class='ocr_carea' id='block_1_2' title="bbox 234 248 1926 2242">
    <p class='ocr_par' dir='ltr' id='par_1_2' title="bbox 242 248 1719 323">
     <span class='ocr_line' id='line_1_2' title="bbox 242 248 1719 323; baseline 0.003 -21"><span class='ocrx_word' id='word_1_5' title='bbox 242 248 516 319; x_wconf 84' lang='lat' dir='ltr'>Crebrior,</span> <span class='ocrx_word' id='word_1_6' title='bbox 554 249 719 303; x_wconf 90' lang='lat' dir='ltr'>Aonii</span> <span class='ocrx_word' id='word_1_7' title='bbox 759 269 920 319; x_wconf 90' lang='lat' dir='ltr'>quam</span> <span class='ocrx_word' id='word_1_8' title='bbox 961 268 1096 320; x_wconf 90' lang='lat' dir='ltr'>quae</span> <span class='ocrx_word' id='word_1_9' title='bbox 1137 250 1202 303; x_wconf 92' lang='lat' dir='ltr'>de</span> <span class='ocrx_word' id='word_1_10' title='bbox 1242 251 1503 322; x_wconf 85' lang='lat' dir='ltr'>sanguine</span> <span class='ocrx_word' id='word_1_11' title='bbox 1542 252 1719 323; x_wconf 90' lang='lat' dir='ltr'>campi</span> 
     </span>
    </p>

    <p class='ocr_par' dir='ltr' id='par_1_3' title="bbox 239 322 1778 469">
     <span class='ocr_line' id='line_1_3' title="bbox 239 322 1778 394; baseline 0.003 -18"><span class='ocrx_word' id='word_1_12' title='bbox 239 322 401 377; x_wconf 88' lang='lat' dir='ltr'>Nuda</span> <span class='ocrx_word' id='word_1_13' title='bbox 439 324 587 377; x_wconf 89' lang='lat' dir='ltr'>venit</span> <span class='ocrx_word' id='word_1_14' title='bbox 624 325 906 394; x_wconf 86' lang='lat' dir='ltr'>poscitque</span> <span class='ocrx_word' id='word_1_15' title='bbox 945 341 1125 394; x_wconf 79' lang='lat' dir='ltr'>rogos,</span> <span class='ocrx_word' id='word_1_16' title='bbox 1201 323 1303 377; x_wconf 89' lang='lat' dir='ltr'>His</span> <span class='ocrx_word' id='word_1_17' title='bbox 1344 326 1503 380; x_wconf 89' lang='lat' dir='ltr'>anxia</span> <span class='ocrx_word' id='word_1_18' title='bbox 1541 331 1778 380; x_wconf 86' lang='lat' dir='ltr'>mentem</span> 
     </span>
     <span class='ocr_line' id='line_1_4' title="bbox 239 396 1570 469; baseline 0.002 -19"><span class='ocrx_word' id='word_1_19' title='bbox 239 397 528 467; x_wconf 83' lang='lat' dir='ltr'>Aegrescit</span> <span class='ocrx_word' id='word_1_20' title='bbox 563 397 720 450; x_wconf 86' lang='lat' dir='ltr'>furiis</span> <span class='ocrx_word' id='word_1_21' title='bbox 761 401 815 452; x_wconf 84' lang='lat' dir='ltr'>et</span> <span class='ocrx_word' id='word_1_22' title='bbox 853 396 972 468; x_wconf 91' lang='lat' dir='ltr'>(qui</span> <span class='ocrx_word' id='word_1_23' title='bbox 1011 398 1347 452; x_wconf 86' lang='lat' dir='ltr'>castissimus</span> <span class='ocrx_word' id='word_1_24' title='bbox 1387 396 1570 469; x_wconf 86' lang='lat' dir='ltr'>ardor)</span> 
     </span>
    </p>

    <p class='ocr_par' dir='ltr' id='par_1_4' title="bbox 238 470 1925 689">
     <span class='ocr_line' id='line_1_5' title="bbox 238 470 1925 546; baseline 0.003 -22"><span class='ocrx_word' id='word_1_25' title='bbox 238 470 421 524; x_wconf 88' lang='lat' dir='ltr'>Funus</span> <span class='ocrx_word' id='word_1_26' title='bbox 464 474 635 540; x_wconf 84' lang='lat' dir='ltr'>amat3</span> <span class='ocrx_word' id='word_1_27' title='bbox 675 475 804 525; x_wconf 88' lang='lat' dir='ltr'>tunc</span> <span class='ocrx_word' id='word_1_28' title='bbox 843 472 910 525; x_wconf 89' lang='lat' dir='ltr'>ad</span> <span class='ocrx_word' id='word_1_29' title='bbox 953 472 1176 525; x_wconf 88' lang='lat' dir='ltr'>comites</span> <span class='ocrx_word' id='word_1_30' title='bbox 1217 490 1478 526; x_wconf 89' lang='lat' dir='ltr'>conversa</span> <span class='ocrx_word' id='word_1_31' title='bbox 1515 472 1799 546; x_wconf 86' lang='lat' dir='ltr'>Pelasgas:</span> <span class='ocrx_word' id='word_1_32' title='bbox 1841 488 1925 530; x_wconf 79' lang='grc'><strong>195</strong></span> 
     </span>
     <span class='ocr_line' id='line_1_6' title="bbox 241 544 1711 617; baseline 0.002 -19"><span class='ocrx_word' id='word_1_33' title='bbox 241 544 410 598; x_wconf 71' lang='lat' dir='ltr'>‘Vos&#39;</span> <span class='ocrx_word' id='word_1_34' title='bbox 452 545 552 614; x_wconf 83' lang='lat' dir='ltr'>ait,</span> <span class='ocrx_word' id='word_1_35' title='bbox 595 544 846 599; x_wconf 71' lang='lat' dir='ltr'>‘Actaeas</span> <span class='ocrx_word' id='word_1_36' title='bbox 887 546 1028 599; x_wconf 90' lang='lat' dir='ltr'>acies</span> <span class='ocrx_word' id='word_1_37' title='bbox 1067 545 1519 617; x_wconf 72' lang='lat' dir='ltr'>Marathoniaque</span> <span class='ocrx_word' id='word_1_38' title='bbox 1560 566 1711 602; x_wconf 87' lang='lat' dir='ltr'>arma</span> 
     </span>
     <span class='ocr_line' id='line_1_7' title="bbox 239 618 1480 689; baseline 0.002 -18"><span class='ocrx_word' id='word_1_39' title='bbox 239 618 462 688; x_wconf 85' lang='lat' dir='ltr'>Elicite,</span> <span class='ocrx_word' id='word_1_40' title='bbox 502 619 846 689; x_wconf 76' lang='lat' dir='ltr'>adspiretque</span> <span class='ocrx_word' id='word_1_41' title='bbox 884 621 975 689; x_wconf 89' lang='lat' dir='ltr'>pio</span> <span class='ocrx_word' id='word_1_42' title='bbox 1016 619 1253 673; x_wconf 87' lang='lat' dir='ltr'>Fortuna</span> <span class='ocrx_word' id='word_1_43' title='bbox 1291 621 1480 675; x_wconf 91' lang='lat' dir='ltr'>labori.</span> 
     </span>
    </p>

    <p class='ocr_par' dir='ltr' id='par_1_5' title="bbox 242 691 1623 764">
     <span class='ocr_line' id='line_1_8' title="bbox 242 691 1623 764; baseline 0.002 -19"><span class='ocrx_word' id='word_1_44' title='bbox 242 691 330 745; x_wconf 88' lang='lat' dir='ltr'>Me</span> <span class='ocrx_word' id='word_1_45' title='bbox 371 693 531 746; x_wconf 91' lang='lat' dir='ltr'>sinite</span> <span class='ocrx_word' id='word_1_46' title='bbox 572 692 837 764; x_wconf 81' lang='lat' dir='ltr'>OgygiaS,</span> <span class='ocrx_word' id='word_1_47' title='bbox 879 697 1065 747; x_wconf 91' lang='lat' dir='ltr'>tantae</span> <span class='ocrx_word' id='word_1_48' title='bbox 1105 712 1240 763; x_wconf 90' lang='lat' dir='ltr'>quae</span> <span class='ocrx_word' id='word_1_49' title='bbox 1281 694 1397 748; x_wconf 89' lang='lat' dir='ltr'>sola</span> <span class='ocrx_word' id='word_1_50' title='bbox 1434 695 1623 749; x_wconf 89' lang='lat' dir='ltr'>ruinae</span> 
     </span>
    </p>

    <p class='ocr_par' dir='ltr' id='par_1_6' title="bbox 240 764 1664 839">
     <span class='ocr_line' id='line_1_9' title="bbox 240 764 1664 839; baseline 0.002 -20"><span class='ocrx_word' id='word_1_51' title='bbox 240 764 419 820; x_wconf 82' lang='lat' dir='ltr'>Causa</span> <span class='ocrx_word' id='word_1_52' title='bbox 456 767 558 836; x_wconf 88' lang='lat' dir='ltr'>fui,</span> <span class='ocrx_word' id='word_1_53' title='bbox 597 771 884 838; x_wconf 89' lang='lat' dir='ltr'>penetrare</span> <span class='ocrx_word' id='word_1_54' title='bbox 925 767 1114 821; x_wconf 87' lang='lat' dir='ltr'>domos</span> <span class='ocrx_word' id='word_1_55' title='bbox 1155 771 1210 821; x_wconf 92' lang='lat' dir='ltr'>et</span> <span class='ocrx_word' id='word_1_56' title='bbox 1246 768 1476 823; x_wconf 84' lang='lat' dir='ltr'>fulmina</span> <span class='ocrx_word' id='word_1_57' title='bbox 1514 770 1664 839; x_wconf 86' lang='lat' dir='ltr'>regni</span> 
     </span>
    </p>

    <p class='ocr_par' dir='ltr' id='par_1_7' title="bbox 236 839 1925 1060">
     <span class='ocr_line' id='line_1_10' title="bbox 236 839 1925 911; baseline 0.004 -18"><span class='ocrx_word' id='word_1_58' title='bbox 236 839 423 894; x_wconf 90' lang='lat' dir='ltr'>Prima</span> <span class='ocrx_word' id='word_1_59' title='bbox 460 841 598 910; x_wconf 82' lang='lat' dir='ltr'>pati3</span> <span class='ocrx_word' id='word_1_60' title='bbox 638 860 737 895; x_wconf 92' lang='lat' dir='ltr'>nec</span> <span class='ocrx_word' id='word_1_61' title='bbox 778 842 939 895; x_wconf 89' lang='lat' dir='ltr'>surda</span> <span class='ocrx_word' id='word_1_62' title='bbox 976 841 1123 895; x_wconf 85' lang='lat' dir='ltr'>ferae</span> <span class='ocrx_word' id='word_1_63' title='bbox 1162 842 1499 911; x_wconf 82' lang='lat' dir='ltr'>pulsabimus</span> <span class='ocrx_word' id='word_1_64' title='bbox 1538 843 1688 897; x_wconf 88' lang='lat' dir='ltr'>urbis</span> <span class='ocrx_word' id='word_1_65' title='bbox 1839 857 1925 900; x_wconf 91' lang='grc'>200</span> 
     </span>
     <span class='ocr_line' id='line_1_11' title="bbox 236 913 1702 987; baseline 0.003 -20"><span class='ocrx_word' id='word_1_66' title='bbox 236 913 476 968; x_wconf 87' lang='lat' dir='ltr'>Limina:</span> <span class='ocrx_word' id='word_1_67' title='bbox 517 918 644 968; x_wconf 89' lang='lat' dir='ltr'>sunt</span> <span class='ocrx_word' id='word_1_68' title='bbox 666 915 797 969; x_wconf 66' lang='lat' dir='ltr'>—illic</span> <span class='ocrx_word' id='word_1_69' title='bbox 838 916 1010 970; x_wconf 91' lang='lat' dir='ltr'>soceri</span> <span class='ocrx_word' id='word_1_70' title='bbox 1048 916 1180 968; x_wconf 86' lang='lat' dir='ltr'>mihi</span> <span class='ocrx_word' id='word_1_71' title='bbox 1221 920 1451 987; x_wconf 87' lang='lat' dir='ltr'>suntque</span> <span class='ocrx_word' id='word_1_72' title='bbox 1491 935 1702 971; x_wconf 89' lang='lat' dir='ltr'>sorores</span> 
     </span>
     <span class='ocr_line' id='line_1_12' title="bbox 239 986 1633 1060; baseline 0.003 -19"><span class='ocrx_word' id='word_1_73' title='bbox 239 986 521 1059; x_wconf 86' lang='lat' dir='ltr'>Coniugis,</span> <span class='ocrx_word' id='word_1_74' title='bbox 562 993 618 1042; x_wconf 90' lang='lat' dir='ltr'>et</span> <span class='ocrx_word' id='word_1_75' title='bbox 656 989 1046 1043; x_wconf 86' lang='lat' dir='ltr'>Thebashaut</span> <span class='ocrx_word' id='word_1_76' title='bbox 1082 991 1383 1060; x_wconf 91' lang='lat' dir='ltr'>ignoranda</span> <span class='ocrx_word' id='word_1_77' title='bbox 1422 991 1633 1045; x_wconf 76' lang='lat' dir='ltr'>subibo·</span> 
     </span>
    </p>

    <p class='ocr_par' dir='ltr' id='par_1_8' title="bbox 235 1062 1926 1578">
     <span class='ocr_line' id='line_1_13' title="bbox 235 1062 1765 1136; baseline 0.001 -20"><span class='ocrx_word' id='word_1_78' title='bbox 235 1062 320 1116; x_wconf 90' lang='lat' dir='ltr'>Ne</span> <span class='ocrx_word' id='word_1_79' title='bbox 359 1066 574 1116; x_wconf 89' lang='lat' dir='ltr'>tantum</span> <span class='ocrx_word' id='word_1_80' title='bbox 613 1067 861 1117; x_wconf 86' lang='lat' dir='ltr'>revocate</span> <span class='ocrx_word' id='word_1_81' title='bbox 902 1064 1123 1134; x_wconf 89' lang='lat' dir='ltr'>gradus:</span> <span class='ocrx_word' id='word_1_82' title='bbox 1163 1065 1258 1117; x_wconf 91' lang='lat' dir='ltr'>illo</span> <span class='ocrx_word' id='word_1_83' title='bbox 1298 1065 1532 1134; x_wconf 90' lang='lat' dir='ltr'>impetus</span> <span class='ocrx_word' id='word_1_84' title='bbox 1571 1066 1765 1136; x_wconf 87' lang='lat' dir='ltr'>ingens</span> 
     </span>
     <span class='ocr_line' id='line_1_14' title="bbox 236 1136 1926 1210; baseline 0.003 -22"><span class='ocrx_word' id='word_1_85' title='bbox 236 1136 647 1207; x_wconf 86' lang='lat' dir='ltr'>Auguriumque</span> <span class='ocrx_word' id='word_1_86' title='bbox 688 1137 887 1191; x_wconf 62' lang='lat' dir='ltr'>animi?</span> <span class='ocrx_word' id='word_1_87' title='bbox 956 1136 1071 1191; x_wconf 91' lang='lat' dir='ltr'>Nec</span> <span class='ocrx_word' id='word_1_88' title='bbox 1109 1138 1290 1207; x_wconf 89' lang='lat' dir='ltr'>plura,</span> <span class='ocrx_word' id='word_1_89' title='bbox 1328 1156 1600 1208; x_wconf 89' lang='lat' dir='ltr'>unumque</span> <span class='ocrx_word' id='word_1_90' title='bbox 1638 1138 1926 1210; x_wconf 88' lang='lat' dir='ltr'>Menoeten</span> 
     </span>
     <span class='ocr_line' id='line_1_15' title="bbox 238 1209 1924 1283; baseline 0.003 -20"><span class='ocrx_word' id='word_1_91' title='bbox 238 1209 407 1277; x_wconf 91' lang='lat' dir='ltr'>(Olim</span> <span class='ocrx_word' id='word_1_92' title='bbox 444 1210 534 1264; x_wconf 91' lang='lat' dir='ltr'>hic</span> <span class='ocrx_word' id='word_1_93' title='bbox 573 1211 806 1281; x_wconf 88' lang='lat' dir='ltr'>virginei</span> <span class='ocrx_word' id='word_1_94' title='bbox 845 1215 1026 1265; x_wconf 89' lang='lat' dir='ltr'>custos</span> <span class='ocrx_word' id='word_1_95' title='bbox 1065 1212 1407 1281; x_wconf 73' lang='lat' dir='ltr'>monitorque</span> <span class='ocrx_word' id='word_1_96' title='bbox 1445 1212 1694 1283; x_wconf 88' lang='lat' dir='ltr'>pudoris)</span> <span class='ocrx_word' id='word_1_97' title='bbox 1838 1226 1924 1268; x_wconf 80' lang='grc'>205</span> 
     </span>
     <span class='ocr_line' id='line_1_16' title="bbox 236 1283 1821 1357; baseline 0.003 -21"><span class='ocrx_word' id='word_1_98' title='bbox 236 1283 414 1354; x_wconf 83' lang='lat' dir='ltr'>Eligit</span> <span class='ocrx_word' id='word_1_99' title='bbox 454 1288 531 1353; x_wconf 86' lang='lat' dir='ltr'>et,</span> <span class='ocrx_word' id='word_1_100' title='bbox 572 1304 896 1355; x_wconf 90' lang='lat' dir='ltr'>quamquam</span> <span class='ocrx_word' id='word_1_101' title='bbox 934 1285 1082 1338; x_wconf 88' lang='lat' dir='ltr'>rudis</span> <span class='ocrx_word' id='word_1_102' title='bbox 1124 1288 1283 1354; x_wconf 89' lang='lat' dir='ltr'>atque</span> <span class='ocrx_word' id='word_1_103' title='bbox 1322 1286 1519 1355; x_wconf 87' lang='lat' dir='ltr'>ignara</span> <span class='ocrx_word' id='word_1_104' title='bbox 1557 1286 1821 1357; x_wconf 89' lang='lat' dir='ltr'>locorum,</span> 
     </span>
     <span class='ocr_line' id='line_1_17' title="bbox 235 1357 1783 1429; baseline 0.002 -18"><span class='ocrx_word' id='word_1_105' title='bbox 235 1357 569 1428; x_wconf 82' lang='lat' dir='ltr'>Praecipites</span> <span class='ocrx_word' id='word_1_106' title='bbox 610 1376 851 1429; x_wconf 84' lang='lat' dir='ltr'>gressus,</span> <span class='ocrx_word' id='word_1_107' title='bbox 890 1378 996 1429; x_wconf 91' lang='lat' dir='ltr'>qua</span> <span class='ocrx_word' id='word_1_108' title='bbox 1034 1362 1255 1412; x_wconf 90' lang='lat' dir='ltr'>venerat</span> <span class='ocrx_word' id='word_1_109' title='bbox 1294 1358 1555 1429; x_wconf 79' lang='lat' dir='ltr'>OrnthS,</span> <span class='ocrx_word' id='word_1_110' title='bbox 1595 1360 1783 1415; x_wconf 84' lang='lat' dir='ltr'>aufert.</span> 
     </span>
     <span class='ocr_line' id='line_1_18' title="bbox 235 1431 1733 1504; baseline 0.001 -19"><span class='ocrx_word' id='word_1_111' title='bbox 235 1431 416 1501; x_wconf 92' lang='lat' dir='ltr'>Atque</span> <span class='ocrx_word' id='word_1_112' title='bbox 455 1433 550 1485; x_wconf 92' lang='lat' dir='ltr'>ubi</span> <span class='ocrx_word' id='word_1_113' title='bbox 588 1434 704 1486; x_wconf 91' lang='lat' dir='ltr'>visa</span> <span class='ocrx_word' id='word_1_114' title='bbox 742 1434 932 1504; x_wconf 90' lang='lat' dir='ltr'>procul</span> <span class='ocrx_word' id='word_1_115' title='bbox 972 1433 1146 1487; x_wconf 85' lang='lat' dir='ltr'>socias</span> <span class='ocrx_word' id='word_1_116' title='bbox 1185 1433 1407 1503; x_wconf 87' lang='lat' dir='ltr'>liquisse</span> <span class='ocrx_word' id='word_1_117' title='bbox 1447 1434 1733 1504; x_wconf 85' lang='lat' dir='ltr'>malorum,</span> 
     </span>
     <span class='ocr_line' id='line_1_19' title="bbox 237 1504 1708 1578; baseline 0.002 -20"><span class='ocrx_word' id='word_1_118' title='bbox 237 1504 442 1559; x_wconf 68' lang='lat' dir='ltr'>‘Anne&#39;</span> <span class='ocrx_word' id='word_1_119' title='bbox 484 1507 581 1575; x_wconf 86' lang='lat' dir='ltr'>ait,</span> <span class='ocrx_word' id='word_1_120' title='bbox 622 1506 876 1561; x_wconf 69' lang='lat' dir='ltr'>ehostiles</span> <span class='ocrx_word' id='word_1_121' title='bbox 918 1525 1017 1578; x_wconf 90' lang='lat' dir='ltr'>ego</span> <span class='ocrx_word' id='word_1_122' title='bbox 1057 1509 1110 1559; x_wconf 88' lang='lat' dir='ltr'>te</span> <span class='ocrx_word' id='word_1_123' title='bbox 1149 1508 1370 1560; x_wconf 88' lang='lat' dir='ltr'>tabente</span> <span class='ocrx_word' id='word_1_124' title='bbox 1409 1526 1506 1576; x_wconf 89' lang='lat' dir='ltr'>per</span> <span class='ocrx_word' id='word_1_125' title='bbox 1547 1525 1708 1578; x_wconf 90' lang='lat' dir='ltr'>agros</span> 
     </span>
    </p>

    <p class='ocr_par' dir='ltr' id='par_1_9' title="bbox 235 1577 1925 1797">
     <span class='ocr_line' id='line_1_20' title="bbox 236 1577 1925 1652; baseline 0.003 -20"><span class='ocrx_word' id='word_1_126' title='bbox 236 1577 383 1648; x_wconf 88' lang='lat' dir='ltr'>(Heu</span> <span class='ocrx_word' id='word_1_127' title='bbox 423 1580 574 1634; x_wconf 87' lang='lat' dir='ltr'>dolor</span> <span class='ocrx_word' id='word_1_128' title='bbox 587 1578 623 1652; x_wconf 71' lang='lat'>2)</span> <span class='ocrx_word' id='word_1_129' title='bbox 666 1583 966 1650; x_wconf 82' lang='lat' dir='ltr'>expectem,</span> <span class='ocrx_word' id='word_1_130' title='bbox 1007 1599 1272 1650; x_wconf 91' lang='lat' dir='ltr'>quaenam</span> <span class='ocrx_word' id='word_1_131' title='bbox 1312 1582 1582 1634; x_wconf 88' lang='lat' dir='ltr'>sententia</span> <span class='ocrx_word' id='word_1_132' title='bbox 1620 1582 1755 1635; x_wconf 92' lang='lat' dir='ltr'>lenti</span> <span class='ocrx_word' id='word_1_133' title='bbox 1838 1596 1925 1638; x_wconf 85' lang='grc'><strong>210</strong></span> 
     </span>
     <span class='ocr_line' id='line_1_21' title="bbox 238 1654 1766 1725; baseline 0.002 -19"><span class='ocrx_word' id='word_1_134' title='bbox 238 1654 514 1707; x_wconf 74' lang='lat' dir='ltr'>Theseos?</span> <span class='ocrx_word' id='word_1_135' title='bbox 557 1672 626 1707; x_wconf 92' lang='lat' dir='ltr'>an</span> <span class='ocrx_word' id='word_1_136' title='bbox 665 1655 809 1708; x_wconf 92' lang='lat' dir='ltr'>bello</span> <span class='ocrx_word' id='word_1_137' title='bbox 848 1673 1123 1724; x_wconf 86' lang='lat' dir='ltr'>proceres,</span> <span class='ocrx_word' id='word_1_138' title='bbox 1165 1673 1234 1707; x_wconf 92' lang='lat' dir='ltr'>an</span> <span class='ocrx_word' id='word_1_139' title='bbox 1273 1655 1458 1709; x_wconf 88' lang='lat' dir='ltr'>dexter</span> <span class='ocrx_word' id='word_1_140' title='bbox 1496 1655 1766 1725; x_wconf 84' lang='lat' dir='ltr'>haruspex</span> 
     </span>
     <span class='ocr_line' id='line_1_22' title="bbox 235 1727 1546 1797; baseline 0.001 -17"><span class='ocrx_word' id='word_1_141' title='bbox 235 1727 492 1781; x_wconf 83' lang='lat' dir='ltr'>Adnuat‘?</span> <span class='ocrx_word' id='word_1_142' title='bbox 533 1728 738 1781; x_wconf 90' lang='lat' dir='ltr'>interea</span> <span class='ocrx_word' id='word_1_143' title='bbox 777 1729 938 1782; x_wconf 84' lang='lat' dir='ltr'>funus</span> <span class='ocrx_word' id='word_1_144' title='bbox 979 1729 1261 1797; x_wconf 81' lang='lat' dir='ltr'>decrescit3</span> <span class='ocrx_word' id='word_1_145' title='bbox 1302 1731 1356 1781; x_wconf 90' lang='lat' dir='ltr'>et</span> <span class='ocrx_word' id='word_1_146' title='bbox 1394 1729 1546 1782; x_wconf 91' lang='lat' dir='ltr'>uncis</span> 
     </span>
    </p>

    <p class='ocr_par' dir='ltr' id='par_1_10' title="bbox 234 1801 1606 1872">
     <span class='ocr_line' id='line_1_23' title="bbox 234 1801 1606 1872; baseline 0.003 -19"><span class='ocrx_word' id='word_1_147' title='bbox 234 1801 476 1855; x_wconf 87' lang='lat' dir='ltr'>Alitibus</span> <span class='ocrx_word' id='word_1_148' title='bbox 514 1820 625 1856; x_wconf 93' lang='lat' dir='ltr'>non</span> <span class='ocrx_word' id='word_1_149' title='bbox 662 1802 764 1856; x_wconf 92' lang='lat' dir='ltr'>hos</span> <span class='ocrx_word' id='word_1_150' title='bbox 803 1803 983 1872; x_wconf 89' lang='lat' dir='ltr'>potius</span> <span class='ocrx_word' id='word_1_151' title='bbox 1025 1803 1376 1872; x_wconf 88' lang='lat' dir='ltr'>supponimus</span> <span class='ocrx_word' id='word_1_152' title='bbox 1418 1802 1606 1857; x_wconf 80' lang='lat' dir='ltr'>artus?</span> 
     </span>
    </p>

    <p class='ocr_par' dir='ltr' id='par_1_11' title="bbox 234 1874 1923 2242">
     <span class='ocr_line' id='line_1_24' title="bbox 234 1874 1871 1948; baseline 0.002 -20"><span class='ocrx_word' id='word_1_153' title='bbox 234 1874 312 1928; x_wconf 85' lang='lat' dir='ltr'>Et</span> <span class='ocrx_word' id='word_1_154' title='bbox 350 1894 493 1928; x_wconf 92' lang='lat' dir='ltr'>nunc</span> <span class='ocrx_word' id='word_1_155' title='bbox 532 1894 619 1929; x_wconf 92' lang='lat' dir='ltr'>me</span> <span class='ocrx_word' id='word_1_156' title='bbox 659 1876 868 1946; x_wconf 83' lang='lat' dir='ltr'>duram,</span> <span class='ocrx_word' id='word_1_157' title='bbox 907 1877 954 1930; x_wconf 91' lang='lat' dir='ltr'>si</span> <span class='ocrx_word' id='word_1_158' title='bbox 993 1877 1112 1946; x_wconf 88' lang='lat' dir='ltr'>quis</span> <span class='ocrx_word' id='word_1_159' title='bbox 1150 1877 1254 1929; x_wconf 88' lang='lat' dir='ltr'>tibi</span> <span class='ocrx_word' id='word_1_160' title='bbox 1295 1895 1482 1931; x_wconf 87' lang='lat' dir='ltr'>sensus</span> <span class='ocrx_word' id='word_1_161' title='bbox 1523 1877 1591 1930; x_wconf 86' lang='lat' dir='ltr'>ad</span> <span class='ocrx_word' id='word_1_162' title='bbox 1629 1877 1871 1948; x_wconf 89' lang='lat' dir='ltr'>umbras,</span> 
     </span>
     <span class='ocr_line' id='line_1_25' title="bbox 235 1948 1923 2021; baseline 0.002 -19"><span class='ocrx_word' id='word_1_163' title='bbox 235 1949 324 2002; x_wconf 93' lang='lat' dir='ltr'>Me</span> <span class='ocrx_word' id='word_1_164' title='bbox 362 1950 573 2003; x_wconf 89' lang='lat' dir='ltr'>tardam</span> <span class='ocrx_word' id='word_1_165' title='bbox 615 1948 818 2021; x_wconf 84' lang='lat' dir='ltr'>Stygiis</span> <span class='ocrx_word' id='word_1_166' title='bbox 860 1951 1096 2020; x_wconf 89' lang='lat' dir='ltr'>quereris</span> <span class='ocrx_word' id='word_1_167' title='bbox 1106 1993 1120 2019; x_wconf 91' lang='lat'>,</span> <span class='ocrx_word' id='word_1_168' title='bbox 1157 1950 1440 2021; x_wconf 88' lang='lat' dir='ltr'>fidissime,</span> <span class='ocrx_word' id='word_1_169' title='bbox 1480 1951 1635 2004; x_wconf 81' lang='lat' dir='ltr'>divis.</span> <span class='ocrx_word' id='word_1_170' title='bbox 1837 1965 1923 2006; x_wconf 84' lang='lat'>215</span> 
     </span>
     <span class='ocr_line' id='line_1_26' title="bbox 235 2023 1759 2094; baseline 0.003 -19"><span class='ocrx_word' id='word_1_171' title='bbox 235 2023 358 2076; x_wconf 89' lang='lat' dir='ltr'>Heu</span> <span class='ocrx_word' id='word_1_172' title='bbox 398 2024 444 2076; x_wconf 90' lang='lat' dir='ltr'>si</span> <span class='ocrx_word' id='word_1_173' title='bbox 482 2024 654 2077; x_wconf 92' lang='lat' dir='ltr'>nudus</span> <span class='ocrx_word' id='word_1_174' title='bbox 697 2025 891 2093; x_wconf 90' lang='lat' dir='ltr'>adhuc,</span> <span class='ocrx_word' id='word_1_175' title='bbox 931 2025 1037 2078; x_wconf 87' lang='lat' dir='ltr'>heu</span> <span class='ocrx_word' id='word_1_176' title='bbox 1077 2026 1123 2077; x_wconf 93' lang='lat' dir='ltr'>si</span> <span class='ocrx_word' id='word_1_177' title='bbox 1161 2025 1271 2076; x_wconf 93' lang='lat' dir='ltr'>iam</span> <span class='ocrx_word' id='word_1_178' title='bbox 1311 2024 1451 2078; x_wconf 87' lang='lat' dir='ltr'>forte</span> <span class='ocrx_word' id='word_1_179' title='bbox 1492 2026 1759 2094; x_wconf 89' lang='lat' dir='ltr'>sepultus:</span> 
     </span>
     <span class='ocr_line' id='line_1_27' title="bbox 242 2096 1789 2168; baseline 0.001 -18"><span class='ocrx_word' id='word_1_180' title='bbox 242 2096 504 2150; x_wconf 90' lang='lat' dir='ltr'>Nostrum</span> <span class='ocrx_word' id='word_1_181' title='bbox 544 2101 829 2168; x_wconf 89' lang='lat' dir='ltr'>utrumque</span> <span class='ocrx_word' id='word_1_182' title='bbox 868 2098 1044 2166; x_wconf 81' lang='lat' dir='ltr'>nefas3</span> <span class='ocrx_word' id='word_1_183' title='bbox 1084 2097 1216 2151; x_wconf 91' lang='lat' dir='ltr'>adeo</span> <span class='ocrx_word' id='word_1_184' title='bbox 1257 2098 1338 2150; x_wconf 89' lang='lat' dir='ltr'>vis</span> <span class='ocrx_word' id='word_1_185' title='bbox 1376 2098 1524 2150; x_wconf 87' lang='lat' dir='ltr'>nulla</span> <span class='ocrx_word' id='word_1_186' title='bbox 1563 2099 1789 2168; x_wconf 90' lang='lat' dir='ltr'>dolenti,</span> 
     </span>
     <span class='ocr_line' id='line_1_28' title="bbox 235 2170 1800 2242; baseline 0.003 -20"><span class='ocrx_word' id='word_1_187' title='bbox 235 2170 384 2223; x_wconf 91' lang='lat' dir='ltr'>Mors</span> <span class='ocrx_word' id='word_1_188' title='bbox 423 2190 689 2239; x_wconf 89' lang='lat' dir='ltr'>nusquam</span> <span class='ocrx_word' id='word_1_189' title='bbox 731 2190 990 2224; x_wconf 87' lang='lat' dir='ltr'>saevusve</span> <span class='ocrx_word' id='word_1_190' title='bbox 1031 2170 1243 2225; x_wconf 77' lang='lat' dir='ltr'>Creon?</span> <span class='ocrx_word' id='word_1_191' title='bbox 1283 2171 1519 2224; x_wconf 90' lang='lat' dir='ltr'>hortaris</span> <span class='ocrx_word' id='word_1_192' title='bbox 1561 2174 1800 2242; x_wconf 85' lang='lat' dir='ltr'>euntem,</span> 
     </span>
    </p>
   </div>
   <div class='ocr_carea' id='block_1_3' title="bbox 235 2266 590 2272">
    <p class='ocr_par' dir='ltr' id='par_1_12' title="bbox 235 2266 590 2272">
     <span class='ocr_line' id='line_1_29' title="bbox 235 2266 590 2272; baseline 0 0"><span class='ocrx_word' id='word_1_193' title='bbox 235 2266 590 2272; x_wconf 95' lang='lat' dir='ltr'> </span> 
     </span>
    </p>
   </div>
   <div class='ocr_carea' id='block_1_4' title="bbox 236 2307 1923 2423">
    <p class='ocr_par' dir='ltr' id='par_1_13' title="bbox 236 2307 1923 2423">
     <span class='ocr_line' id='line_1_30' title="bbox 355 2307 1923 2365; baseline 0.002 -13"><span class='ocrx_word' id='word_1_194' title='bbox 355 2313 453 2352; x_wconf 83' lang='lat'>218.</span> <span class='ocrx_word' id='word_1_195' title='bbox 492 2308 720 2352; x_wconf 80' lang='lat' dir='ltr'>‘hortaris</span> <span class='ocrx_word' id='word_1_196' title='bbox 754 2309 967 2352; x_wconf 87' lang='lat' dir='ltr'>euntem’</span> <span class='ocrx_word' id='word_1_197' title='bbox 995 2322 1085 2365; x_wconf 76' lang='lat' dir='ltr'>pro</span> <span class='ocrx_word' id='word_1_198' title='bbox 1120 2307 1349 2353; x_wconf 79' lang='lat' dir='ltr'>‘hortaris</span> <span class='ocrx_word' id='word_1_199' title='bbox 1373 2308 1460 2352; x_wconf 89' lang='lat' dir='ltr'>ire’</span> <span class='ocrx_word' id='word_1_200' title='bbox 1489 2309 1662 2354; x_wconf 76' lang='lat' dir='ltr'>dictum</span> <span class='ocrx_word' id='word_1_201' title='bbox 1684 2321 1775 2355; x_wconf 79' lang='lat' dir='ltr'>esse</span> <span class='ocrx_word' id='word_1_202' title='bbox 1797 2308 1923 2356; x_wconf 79' lang='lat' dir='ltr'>docet</span> 
     </span>
     <span class='ocr_line' id='line_1_31' title="bbox 236 2366 1202 2423; baseline 0.002 -13"><span class='ocrx_word' id='word_1_203' title='bbox 236 2366 507 2411; x_wconf 84' lang='lat' dir='ltr'>Priscian.</span> <span class='ocrx_word' id='word_1_204' title='bbox 545 2367 695 2411; x_wconf 91' lang='lat' dir='ltr'><strong>XVIII</strong></span> <span class='ocrx_word' id='word_1_205' title='bbox 730 2371 815 2412; x_wconf 83' lang='lat'>235</span> <span class='ocrx_word' id='word_1_206' title='bbox 846 2382 889 2423; x_wconf 90' lang='lat' dir='ltr'>p.</span> <span class='ocrx_word' id='word_1_207' title='bbox 925 2372 1024 2423; x_wconf 84' lang='lat'>324,</span> <span class='ocrx_word' id='word_1_208' title='bbox 1062 2372 1115 2412; x_wconf 89' lang='grc'>16</span> <span class='ocrx_word' id='word_1_209' title='bbox 1147 2367 1202 2412; x_wconf 91' lang='lat' dir='ltr'>H.</span> 
     </span>
    </p>
   </div>
   <div class='ocr_carea' id='block_1_5' title="bbox 289 2451 590 2458">
    <p class='ocr_par' dir='ltr' id='par_1_14' title="bbox 289 2451 590 2458">
     <span class='ocr_line' id='line_1_32' title="bbox 289 2451 590 2458; baseline 0 732"><span class='ocrx_word' id='word_1_210' title='bbox 289 2451 590 2458; x_wconf 95' lang='lat' dir='ltr'> </span> 
     </span>
    </p>
   </div>
   <div class='ocr_carea' id='block_1_6' title="bbox 236 2490 1925 2906">
    <p class='ocr_par' dir='ltr' id='par_1_15' title="bbox 236 2490 1925 2906">
     <span class='ocr_line' id='line_1_33' title="bbox 359 2490 1923 2550; baseline 0.002 -14"><span class='ocrx_word' id='word_1_211' title='bbox 359 2497 444 2536; x_wconf 85' lang='lat'>194</span> <span class='ocrx_word' id='word_1_212' title='bbox 474 2490 693 2549; x_wconf 86' lang='lat' dir='ltr'>Egrescit</span> <span class='ocrx_word' id='word_1_213' title='bbox 723 2490 855 2536; x_wconf 86' lang='lat' dir='ltr'>furiis</span> <span class='ocrx_word' id='word_1_214' title='bbox 887 2497 919 2534; x_wconf 99' lang='lat' dir='ltr'>P</span> <span class='ocrx_word' id='word_1_215' title='bbox 951 2493 1099 2549; x_wconf 67' lang='lat' dir='ltr'>Lips„</span> <span class='ocrx_word' id='word_1_216' title='bbox 1133 2493 1253 2537; x_wconf 90' lang='lat' dir='ltr'>curis</span> <span class='ocrx_word' id='word_1_217' title='bbox 1285 2497 1318 2536; x_wconf 88' lang='lat' dir='ltr'>B</span> <span class='ocrx_word' id='word_1_218' title='bbox 1352 2495 1511 2550; x_wconf 74' lang='lat' dir='ltr'>(al.·m.</span> <span class='ocrx_word' id='word_1_219' title='bbox 1545 2507 1600 2539; x_wconf 75' lang='lat' dir='ltr'>ex</span> <span class='ocrx_word' id='word_1_220' title='bbox 1630 2491 1765 2537; x_wconf 85' lang='lat' dir='ltr'>furiis</span> <span class='ocrx_word' id='word_1_221' title='bbox 1789 2494 1923 2550; x_wconf 80' lang='lat' dir='ltr'>corr.)</span> 
     </span>
     <span class='ocr_line' id='line_1_34' title="bbox 238 2550 1925 2610; baseline 0 -15"><span class='ocrx_word' id='word_1_222' title='bbox 238 2551 348 2595; x_wconf 71' lang='lat'>&lt;3211</span> <span class='ocrx_word' id='word_1_223' title='bbox 371 2554 386 2609; x_wconf 79' lang='grc' dir='ltr'>ΙΙ</span> <span class='ocrx_word' id='word_1_224' title='bbox 410 2555 494 2595; x_wconf 92' lang='grc'><strong>201</strong></span> <span class='ocrx_word' id='word_1_225' title='bbox 529 2564 723 2607; x_wconf 88' lang='lat' dir='ltr'>cumque</span> <span class='ocrx_word' id='word_1_226' title='bbox 755 2556 788 2593; x_wconf 93' lang='lat' dir='ltr'>P</span> <span class='ocrx_word' id='word_1_227' title='bbox 814 2566 886 2608; x_wconf 81' lang='lat' dir='ltr'>pr.</span> <span class='ocrx_word' id='word_1_228' title='bbox 911 2566 984 2608; x_wconf 71' lang='lat' dir='ltr'>m,</span> <span class='ocrx_word' id='word_1_229' title='bbox 1018 2553 1076 2597; x_wconf 85' lang='lat' dir='ltr'>al.</span> <span class='ocrx_word' id='word_1_230' title='bbox 1101 2567 1159 2597; x_wconf 85' lang='lat' dir='ltr'>m.</span> <span class='ocrx_word' id='word_1_231' title='bbox 1193 2554 1302 2596; x_wconf 86' lang='lat' dir='ltr'>sunt</span> <span class='ocrx_word' id='word_1_232' title='bbox 1331 2566 1559 2610; x_wconf 77' lang='lat' dir='ltr'>suprascr.</span> <span class='ocrx_word' id='word_1_233' title='bbox 1584 2554 1599 2610; x_wconf 90' lang='grc' dir='ltr'>ΙΙ</span> <span class='ocrx_word' id='word_1_234' title='bbox 1622 2557 1708 2597; x_wconf 83' lang='grc'>207</span> <span class='ocrx_word' id='word_1_235' title='bbox 1741 2550 1925 2607; x_wconf 75' lang='lat' dir='ltr'>auferat</span> 
     </span>
     <span class='ocr_line' id='line_1_35' title="bbox 237 2609 1924 2669; baseline 0.001 -16"><span class='ocrx_word' id='word_1_236' title='bbox 237 2615 269 2653; x_wconf 93' lang='lat' dir='ltr'>P</span> <span class='ocrx_word' id='word_1_237' title='bbox 309 2624 362 2654; x_wconf 87' lang='lat' dir='ltr'>ao</span> <span class='ocrx_word' id='word_1_238' title='bbox 408 2610 501 2655; x_wconf 88' lang='lat' dir='ltr'>fert</span> <span class='ocrx_word' id='word_1_239' title='bbox 541 2616 566 2654; x_wconf 82' lang='grc'><strong>8</strong></span> <span class='ocrx_word' id='word_1_240' title='bbox 606 2624 688 2654; x_wconf 80' lang='lat' dir='ltr'>rec.</span> <span class='ocrx_word' id='word_1_241' title='bbox 730 2625 785 2654; x_wconf 87' lang='lat' dir='ltr'>m.</span> <span class='ocrx_word' id='word_1_242' title='bbox 837 2609 972 2654; x_wconf 85' lang='lat' dir='ltr'>affert</span> <span class='ocrx_word' id='word_1_243' title='bbox 1010 2626 1032 2654; x_wconf 88' lang='grc' dir='ltr'><strong>ο</strong></span> <span class='ocrx_word' id='word_1_244' title='bbox 1073 2613 1187 2669; x_wconf 83' lang='lat' dir='ltr'>(ead.</span> <span class='ocrx_word' id='word_1_245' title='bbox 1228 2626 1283 2656; x_wconf 86' lang='lat' dir='ltr'>m.</span> <span class='ocrx_word' id='word_1_246' title='bbox 1325 2626 1380 2656; x_wconf 82' lang='lat' dir='ltr'>ex</span> <span class='ocrx_word' id='word_1_247' title='bbox 1427 2612 1579 2656; x_wconf 86' lang='lat' dir='ltr'>aufert</span> <span class='ocrx_word' id='word_1_248' title='bbox 1617 2612 1749 2668; x_wconf 81' lang='lat' dir='ltr'>corr.)</span> <span class='ocrx_word' id='word_1_249' title='bbox 1791 2609 1924 2655; x_wconf 84' lang='lat' dir='ltr'>effert</span> 
     </span>
     <span class='ocr_line' id='line_1_36' title="bbox 236 2667 1922 2727; baseline 0 -14"><span class='ocrx_word' id='word_1_250' title='bbox 236 2670 463 2715; x_wconf 77' lang='lat' dir='ltr'>Barthius</span> <span class='ocrx_word' id='word_1_251' title='bbox 485 2671 502 2727; x_wconf 81' lang='grc' dir='ltr'>ΙΙ</span> <span class='ocrx_word' id='word_1_252' title='bbox 532 2674 617 2714; x_wconf 88' lang='grc'>209</span> <span class='ocrx_word' id='word_1_253' title='bbox 649 2669 840 2713; x_wconf 86' lang='lat' dir='ltr'>tabente</span> <span class='ocrx_word' id='word_1_254' title='bbox 872 2674 904 2711; x_wconf 94' lang='lat' dir='ltr'>P</span> <span class='ocrx_word' id='word_1_255' title='bbox 940 2669 1131 2716; x_wconf 77' lang='lat' dir='ltr'>Grotius</span> <span class='ocrx_word' id='word_1_256' title='bbox 1161 2669 1351 2714; x_wconf 84' lang='lat' dir='ltr'>labente</span> <span class='ocrx_word' id='word_1_257' title='bbox 1381 2671 1535 2714; x_wconf 65' lang='lat' dir='ltr'>Rem</span> <span class='ocrx_word' id='word_1_258' title='bbox 1564 2672 1580 2727; x_wconf 86' lang='grc' dir='ltr'>ΙΙ</span> <span class='ocrx_word' id='word_1_259' title='bbox 1610 2675 1695 2715; x_wconf 89' lang='grc'><strong>212</strong></span> <span class='ocrx_word' id='word_1_260' title='bbox 1728 2667 1922 2714; x_wconf 82' lang='lat' dir='ltr'>aduncis</span> 
     </span>
     <span class='ocr_line' id='line_1_37' title="bbox 236 2728 1924 2788; baseline 0 -16"><span class='ocrx_word' id='word_1_261' title='bbox 236 2729 348 2774; x_wconf 79' lang='lat' dir='ltr'>Beh.</span> <span class='ocrx_word' id='word_1_262' title='bbox 395 2743 481 2774; x_wconf 75' lang='lat' dir='ltr'>rec.</span> <span class='ocrx_word' id='word_1_263' title='bbox 528 2743 583 2773; x_wconf 84' lang='lat' dir='ltr'>m.</span> <span class='ocrx_word' id='word_1_264' title='bbox 627 2729 806 2785; x_wconf 72' lang='lat' dir='ltr'>Anylic.</span> <span class='ocrx_word' id='word_1_265' title='bbox 842 2730 968 2784; x_wconf 78' lang='lat' dir='ltr'>prob.</span> <span class='ocrx_word' id='word_1_266' title='bbox 1011 2730 1204 2775; x_wconf 72' lang='lat' dir='ltr'>Heinsio</span> <span class='ocrx_word' id='word_1_267' title='bbox 1242 2732 1258 2786; x_wconf 83' lang='grc' dir='ltr'>ΙΙ</span> <span class='ocrx_word' id='word_1_268' title='bbox 1297 2734 1382 2774; x_wconf 83' lang='grc'><strong>215</strong></span> <span class='ocrx_word' id='word_1_269' title='bbox 1430 2728 1599 2788; x_wconf 84' lang='lat' dir='ltr'>stygiis</span> <span class='ocrx_word' id='word_1_270' title='bbox 1646 2728 1851 2785; x_wconf 86' lang='lat' dir='ltr'>quereris</span> <span class='ocrx_word' id='word_1_271' title='bbox 1890 2732 1924 2772; x_wconf 98' lang='lat' dir='ltr'>P</span> 
     </span>
     <span class='ocr_line' id='line_1_38' title="bbox 239 2786 1922 2846; baseline 0.001 -15"><span class='ocrx_word' id='word_1_272' title='bbox 239 2789 442 2842; x_wconf 88' lang='lat' dir='ltr'>quereris</span> <span class='ocrx_word' id='word_1_273' title='bbox 477 2786 644 2845; x_wconf 84' lang='lat' dir='ltr'>stygiis</span> <span class='ocrx_word' id='word_1_274' title='bbox 678 2786 786 2830; x_wconf 68' lang='lat'>(³²11</span> <span class='ocrx_word' id='word_1_275' title='bbox 820 2787 1054 2842; x_wconf 88' lang='lat' dir='ltr'>quaereris</span> <span class='ocrx_word' id='word_1_276' title='bbox 1087 2787 1255 2846; x_wconf 87' lang='lat' dir='ltr'>stygiis</span> <span class='ocrx_word' id='word_1_277' title='bbox 1287 2793 1320 2831; x_wconf 87' lang='lat' dir='ltr'>B</span> <span class='ocrx_word' id='word_1_278' title='bbox 1345 2791 1468 2846; x_wconf 81' lang='grc'><strong>11217</strong></span> <span class='ocrx_word' id='word_1_279' title='bbox 1499 2787 1812 2843; x_wconf 84' lang='lat' dir='ltr'>Nostrumque</span> <span class='ocrx_word' id='word_1_280' title='bbox 1843 2791 1877 2831; x_wconf 93' lang='lat' dir='ltr'>P</span> <span class='ocrx_word' id='word_1_281' title='bbox 1907 2787 1922 2846; x_wconf 82' lang='grc' dir='ltr'>Η</span> 
     </span>
     <span class='ocr_line' id='line_1_39' title="bbox 237 2849 1549 2906; baseline 0.002 -17"><span class='ocrx_word' id='word_1_282' title='bbox 237 2851 323 2890; x_wconf 90' lang='grc'>218</span> <span class='ocrx_word' id='word_1_283' title='bbox 356 2860 580 2892; x_wconf 83' lang='lat' dir='ltr'>saevusne</span> <span class='ocrx_word' id='word_1_284' title='bbox 612 2852 644 2889; x_wconf 90' lang='lat' dir='ltr'>P</span> <span class='ocrx_word' id='word_1_285' title='bbox 677 2860 930 2901; x_wconf 88' lang='lat' dir='ltr'>saevusque</span> <span class='ocrx_word' id='word_1_286' title='bbox 966 2849 1098 2893; x_wconf 79' lang='lat' dir='ltr'>ceteri</span> <span class='ocrx_word' id='word_1_287' title='bbox 1129 2861 1352 2892; x_wconf 85' lang='lat' dir='ltr'>saevusve</span> <span class='ocrx_word' id='word_1_288' title='bbox 1385 2849 1549 2906; x_wconf 77' lang='lat' dir='ltr'>scripsi</span> 
     </span>
    </p>
   </div>
  </div>
 </body>
</html>
