2008 3198
213 192 322 246 102
795 190 845 238 P.
877 190 1104 236 PAPINII
1135 190 1331 236 STATII

211 311 523 368 Subiectare
560 314 721 368 faces
796 312 974 383 Atque
1013 313 1128 381 ipse
1168 311 1418 365 sonantia
1454 310 1688 378 flammis

209 386 469 458 Virgulta
509 391 564 441 et
602 388 785 441 tristes
826 387 1097 456 crepuisse
1136 388 1200 438 ut
1240 385 1410 438 sensit
1449 403 1667 440 acervos

210 460 444 515 Tiresias
486 459 594 533 (illi
631 481 758 515 nam
797 461 1061 530 plurimus
1104 459 1261 513 ardor
1300 459 1518 512 anhelat
1809 471 1896 514 470

207 535 353 588 Ante
394 552 559 605 genas
599 536 894 605 impletque
936 552 1094 588 cavos
1134 551 1304 603 vapor
1343 533 1534 602 igneus
1574 532 1779 604 orbes),

206 609 497 662 Exclamat
539 607 827 680 (tremuere
867 610 988 678 rogi
1027 611 1081 661 et
1119 625 1223 661 vox
1263 607 1483 675 impulit
1519 605 1748 679 ignem):

208 682 522 737 ‘Tartareae
564 684 720 753 sedes,
756 687 809 736 et
848 682 1192 736 formidabile
1232 698 1459 751 regnum

205 756 400 811 Mortis
440 758 769 827 inexpletae,
807 762 998 826 tuque,
1038 774 1068 809 o
1110 755 1423 808 saevissime
1462 754 1718 825 fratrum,

207 830 307 884 Oui
347 833 548 885 servire
588 832 703 884 dati
741 831 928 884 Manes
970 833 1295 899 aeternaque
1329 833 1547 882 sontum
1810 830 1898 884 475

207 903 484 974 Supplicia
523 909 682 975 atque
722 906 819 958 imi
857 904 1157 957 famulatur
1195 903 1347 973 regia
1386 902 1595 972 mundi,

206 977 417 1033 Solvite
455 980 699 1049 pulsanti
738 979 860 1032 loca
898 981 1050 1031 muta
1090 981 1143 1030 et
1182 978 1343 1030 inane
1385 994 1604 1030 severae
1662 994 1670 1002 ·

203 1051 576 1123 Persephones
615 1053 914 1123 vulgusque
956 1070 1087 1105 cava
1127 1052 1225 1104 sub
1266 1054 1423 1104 nocte
1462 1052 1739 1120 repostum

203 1126 425 1196 Elicite,
467 1131 521 1181 et
559 1128 721 1195 plena
760 1127 944 1179 redeat
986 1125 1155 1194 Styga
1193 1125 1429 1195 portitor
1468 1125 1609 1178 aln0.

203 1200 366 1254 Ferte
409 1201 571 1254 simul
611 1218 828 1270 gressus
839 1242 853 1269 ,
894 1218 990 1252 nec
1033 1199 1262 1268 simplex
1300 1198 1551 1251 manibus
1592 1200 1708 1251 esto
1807 1210 1896 1252 480

205 1274 272 1327 In
310 1275 485 1327 lucem
523 1292 764 1328 remeare
803 1274 1017 1344 modus3
1055 1276 1117 1326 tu
1158 1291 1346 1343 separe
1387 1274 1546 1325 coetu

202 1348 448 1419 ElysiOS,
488 1348 694 1417 Persei,
734 1349 853 1417 pios
865 1390 879 1417 ,
918 1347 1179 1417 virgaque
1217 1345 1433 1416 potenti

201 1421 439 1476 Nubilus
479 1421 650 1475 Arcas
692 1425 841 1492 agat3
883 1424 1076 1475 contra
1114 1438 1209 1490 per
1249 1419 1475 1473 crimina
1512 1418 1734 1488 functis,

203 1495 311 1559 Qui
349 1497 530 1564 plures
569 1496 749 1549 Erebo
789 1496 1077 1564 pluresque
1119 1513 1146 1546 e
1188 1495 1390 1547 semine
1431 1491 1644 1563 Cadmi,

200 1569 398 1639 Angue
437 1574 523 1623 ter
563 1588 787 1623 excusso
829 1573 883 1622 et
922 1568 1174 1638 flagranti
1216 1568 1440 1637 praevia
1478 1571 1630 1636 taxo,
1804 1579 1895 1622 485

202 1643 525 1713 Tisiphone,
566 1644 671 1696 dux
711 1643 884 1712 pande
926 1643 1090 1710 diem,
1129 1659 1228 1694 nec
1268 1641 1403 1694 lucis
1445 1644 1665 1710 egentes

203 1716 467 1771 Cerberus
509 1736 733 1770 occursu
774 1717 1017 1784 capitum
1058 1716 1377 1784 detorqueat
1415 1712 1673 1767 umbras?

275 1791 526 1860 Dixerat,
565 1794 620 1843 et
658 1791 864 1860 pariter
904 1790 1083 1842 senior
1124 1789 1484 1857 Phoebeaque
1523 1787 1677 1858 virgo

201 1865 438 1919 Erexere
482 1865 712 1933 animos3
751 1864 834 1916 illi
873 1863 1159 1917 formidine
1200 1862 1354 1915 nulla

202 1937 436 2009 (Quippe
468 1940 526 1992 in
557 1939 716 1992 corde
749 1935 924 2009 deus),
966 1937 1141 1990 solum
1173 1937 1339 1989 timor
1372 1935 1553 1990 obruit
1585 1934 1777 2005 ingens
1808 1947 1897 1989 490

202 2012 691 2084 Oedipodioniden,
729 2012 979 2080 vatisque
1018 2010 1287 2064 horrenda
1326 2010 1566 2063 canentis

200 2085 361 2140 Nunc
400 2105 616 2140 umeros
656 2103 798 2138 nunc
836 2085 929 2138 ille
969 2102 1160 2136 manus
1202 2087 1256 2136 et
1295 2083 1496 2136 vellera
1533 2085 1747 2151 pressat

200 2159 411 2214 Anxius
452 2160 790 2228 inceptisque
831 2158 961 2211 velit
1001 2157 1258 2210 desistere
1300 2156 1479 2209 sacris

203 2232 391 2295 Qualis
433 2232 695 2286 Gaetulae
737 2232 1104 2284 stabulantem
1143 2230 1210 2283 ad
1251 2229 1511 2300 confraga
1553 2228 1722 2282 silvae

203 2305 454 2360 Venator
493 2307 659 2376 longo
700 2309 909 2358 motum
950 2306 1183 2358 clamore
1223 2304 1435 2357 leonem
1808 2314 1896 2356 495

322 2471 409 2511 475
437 2481 501 2522 sq.
553 2457 855 2522 ‘aeternaque
887 2491 945 2497 —
978 2462 1227 2520 supplicia’
1277 2461 1556 2507 Priscian.
1596 2461 1682 2506 VH
1723 2467 1800 2519 16,
1841 2465 1897 2508 ⁷5
1964 2445 1966 2447 θ

203 2540 249 2642 p.
282 2530 368 2630 gig
401 2524 456 2628 ἒ.
493 2551 547 2556 -
581 2530 681 2571 485.
728 2526 899 2582 ‘angue
934 2549 990 2556 —
1023 2522 1235 2567 excusso’
1279 2522 1558 2566 Priscian.
1600 2521 1687 2566 V11
1720 2526 1800 2578 13,
1840 2525 1897 2567 68

328 2737 415 2776 470
447 2730 521 2775 illi
546 2731 593 2774 et
623 2729 718 2773 iam
744 2729 1110 2775 Sandstroemius
1132 2730 1148 2785 ΙΙ
1171 2732 1257 2773 482
1283 2727 1442 2772 Persei
1466 2741 1582 2773 corr.
1612 2727 1896 2772 Parrhasius

205 2796 247 2836 et
287 2791 510 2836 Heinsius
548 2802 710 2846 persee
750 2793 835 2831 PM
873 2801 1065 2845 persaee
1103 2791 1137 2830 B
1175 2800 1343 2844 persea
1381 2803 1423 2830 m
1462 2788 1559 2832 edd.
1591 2786 1782 2843 Persea,
1823 2784 1896 2830 cie

204 2849 264 2894 R.
292 2850 497 2907 Unyerus
519 2851 535 2907 ΙΙ
558 2853 646 2893 484
671 2848 844 2891 semine
873 2848 993 2893 Oolb.
1018 2848 1146 2904 Lips.
1172 2847 1270 2892 edd.
1296 2851 1397 2891 vett.
1421 2845 1648 2891 Barthiws
1670 2845 1894 2891 Heinsius

205 2908 266 2963 cf.
300 2908 352 2952 X
381 2911 473 2953 663
506 2906 732 2965 sanguine
763 2911 890 2949 PBH
913 2909 928 2965 Η
953 2912 1040 2952 490
1071 2905 1212 2950 timor
1241 2909 1319 2948 PG
1350 2907 1525 2950 tremor
1553 2904 1720 2963 reliqui
