2028 3190
707 153 1050 209 THEBAIDOS
1081 163 1193 209 LIB.
1226 164 1304 208 IX.
1376 158 1383 163 ’
1744 162 1853 216 243

161 284 479 356 Damnaque
527 288 974 355 commemorant,
1021 303 1116 339 seu
1154 285 1266 339 iam
1306 284 1404 338 sub
1445 283 1677 338 culmine
1715 283 1853 336 fixus

160 359 433 430 Excubat,
473 360 696 428 antiquo
738 378 832 413 seu
870 359 1070 429 pendet
1108 359 1285 430 gloria
1322 359 1460 422 luco.
1768 370 1853 411 195

233 432 311 487 At
355 434 501 487 ferus
539 433 922 503 Hippomedon
969 452 1296 503 quamquam
1334 433 1446 487 iam
1485 431 1654 486 sentit
1692 432 1854 485 inane

160 508 443 561 Auxilium
484 510 539 561 et
578 525 753 560 seram
793 510 951 576 rapto
991 526 1089 577 pro
1130 525 1354 577 corpore
1392 522 1657 577 pugnam,

161 582 215 635 It
252 585 439 635 tamen
479 585 534 636 et
573 599 791 635 caecum
831 583 980 634 rotat
1018 581 1401 635 inrevocabilis
1441 598 1646 649 ensem,

165 654 273 710 Vix
314 656 489 709 socios
528 655 824 725 hostesque
865 652 1159 727 (nihildum
1196 655 1378 708 tardet
1418 653 1660 724 euntem)

161 728 477 800 Secernens3
519 728 611 782 sed
651 729 811 782 caede
849 747 994 782 nova
1032 729 1142 782 iam
1181 729 1390 781 lubrica
1427 729 1591 782 tellus
1768 741 1854 780 200

158 804 433 873 Armaque
473 803 874 872 seminecesque
913 803 1020 857 viri
1059 821 1356 873 currusque
1396 802 1564 856 soluti

156 877 468 946 Impediunt
505 877 829 946 laevumque
868 877 1063 946 femur,
1104 877 1244 947 quod
1285 876 1505 946 cuspide
1545 876 1711 929 fixum

156 951 324 1022 Regis
363 951 641 1021 Echionii,
682 951 775 1004 sed
817 951 1253 1004 dissimulaverat
1293 951 1512 1020 ardens,

159 1023 282 1079 Sive
321 1025 399 1078 ibi
430 1025 712 1079 nescierat.
787 1023 1058 1079 Maestum
1097 1025 1246 1079 videt
1283 1024 1500 1094 Hoplea
1540 1022 1783 1091 tandem3

157 1099 368 1169 Tydeos
409 1098 498 1152 hic
538 1098 724 1169 magni
762 1098 900 1152 fidus
940 1117 1120 1153 comes
1160 1102 1215 1153 et
1253 1099 1415 1153 modo
1454 1098 1662 1152 frustra
1767 1109 1852 1151 205

153 1173 410 1243 Armiger
449 1172 716 1242 alipedem
753 1191 927 1240 prona
966 1173 1170 1227 cervice
1209 1173 1434 1227 tenebat

153 1246 414 1300 Fatorum
451 1248 705 1319 ignarum
746 1247 952 1300 domini
991 1247 1274 1316 solumque
1313 1247 1657 1315 frementem,

159 1321 314 1384 Quod
353 1325 507 1374 vacet
544 1321 707 1389 inque
748 1322 890 1373 acies
932 1321 1218 1374 audentior
1256 1321 1350 1372 ille
1389 1321 1681 1390 pedestres,

154 1394 314 1447 Hunc
354 1397 737 1463 aspernantem
774 1395 983 1447 tumido
1024 1412 1169 1448 nova
1208 1394 1450 1463 pondera
1487 1397 1656 1463 tergo·

154 1467 357 1536 (Unam
398 1468 595 1537 quippe
635 1486 855 1520 manum
896 1467 1118 1521 domitis
1160 1471 1413 1536 expertus
1446 1467 1514 1520 ab
1548 1465 1732 1537 annis)
1765 1479 1852 1520 210

154 1540 394 1611 Corripit
433 1541 776 1612 adfaturque:
819 1540 988 1604 ‘Quid
1028 1561 1059 1596 o
1099 1560 1242 1595 nova
1280 1541 1395 1594 fata
1432 1558 1673 1611 recusaS,

154 1615 351 1669 Infelix
391 1616 648 1685 sonipes?
687 1634 987 1685 numquam
1025 1617 1131 1669 tibi
1172 1615 1326 1668 dulce
1368 1615 1588 1684 superbi

151 1688 321 1760 Regis
362 1707 520 1758 onus3
558 1707 671 1744 non
710 1690 822 1742 iam
861 1689 1062 1743 Aetolo
1105 1690 1376 1743 satiabere
1418 1706 1611 1759 campo

152 1762 593 1832 Gaudentemque
633 1764 816 1817 iubam
855 1782 951 1832 per
993 1767 1190 1834 stagna
1228 1762 1496 1816 Acheloia
1537 1763 1730 1816 solves

153 1836 306 1900 Quod
348 1839 616 1906 superest,
657 1855 836 1906 carOS,
875 1838 916 1905 i,
957 1838 1151 1890 saltem
1190 1837 1448 1890 ulciscere
1487 1855 1675 1890 manes
1761 1849 1847 1888 215

151 1909 265 1964 Aut
314 1928 532 1978 sequere
573 1914 867 1979 extorrem,
913 1928 979 1963 ne
1018 1914 1080 1963 tu
1121 1929 1334 1980 quoque
1374 1910 1596 1963 laeseris
1628 1910 1848 1962 umbras

152 1982 412 2053 Captivus
451 1983 809 2053 timidumque
850 1984 1084 2053 equitem
1123 1987 1251 2053 post
1289 1983 1474 2053 Tydea
1511 1982 1735 2052 portes?

151 2057 382 2111 Audisse
424 2075 812 2127 accensumque
852 2061 1029 2127 putes:
1070 2058 1174 2112 hoe
1213 2057 1438 2110 fulmine
1479 2060 1699 2126 raptum

148 2131 401 2185 Abstulit
442 2134 496 2186 et
535 2132 741 2184 similes
781 2131 958 2184 minus
1000 2132 1315 2201 indignatur
1354 2131 1616 2185 habenas,

151 2204 381 2260 Semifer
421 2205 567 2259 aeria
606 2205 733 2259 talis
775 2204 1072 2259 Centaurus
1114 2206 1181 2259 ab
1224 2204 1362 2258 Ossa
1758 2217 1846 2257 220

150 2278 351 2332 Desilit
388 2279 444 2331 in
485 2279 655 2333 valles
666 2321 680 2349 ,
720 2280 898 2348 ipsum
938 2297 1162 2333 nemora
1203 2280 1315 2332 alta
1354 2281 1713 2343 tremescunt,

153 2350 389 2421 Campus
431 2371 642 2421 equum.
722 2353 943 2422 Trepidi
983 2372 1143 2407 cursu
1184 2354 1559 2423 glomerantur
1600 2351 1795 2406 anhelo

150 2425 512 2490 Labdacidae,
552 2426 752 2496 premit
790 2427 884 2479 ille
925 2445 1108 2497 super,
1147 2427 1517 2496 necopinaque
1560 2426 1704 2479 ferro

153 2497 308 2552 Colla
345 2502 553 2552 metens
592 2500 795 2569 linquit
832 2503 1053 2554 truncos
1093 2505 1220 2570 post
1258 2505 1414 2570 terga
1453 2500 1725 2553 cadentes,

271 2648 355 2688 196
380 2656 658 2700 quamquam
685 2657 770 2688 om.
786 2649 819 2687 P
842 2647 856 2700 ΙΙ
884 2650 967 2690 199
991 2643 1267 2701 hostemque
1283 2650 1328 2688 Μ
1351 2647 1365 2701 ΙΙ
1390 2650 1473 2689 201
1494 2642 1643 2687 secuti
1660 2646 1693 2684 P
1715 2643 1731 2698 ss
1754 2645 1840 2686 203

149 2702 232 2747 sed
248 2707 318 2746 ΡΒ
334 2716 410 2759 pr.
429 2717 484 2747 m.
511 2703 758 2745 sennem
783 2703 796 2760 Η
821 2708 905 2747 211
931 2703 1032 2747 fata
1048 2708 1124 2746 PG
1147 2703 1276 2748 iussa
1292 2708 1416 2747 Bsu
1435 2703 1450 2762 Η
1475 2708 1559 2746 212
1585 2713 1840 2755 numquam

148 2766 181 2804 P
206 2774 438 2818 nusquam
469 2762 602 2806 ceteri
623 2763 638 2818 ΙΙ
662 2765 749 2805 213
783 2762 1047 2819 spatiabere
1071 2763 1308 2808 Bentleius
1330 2766 1347 2819 1}
1369 2768 1455 2807 214
1480 2760 1841 2815 Undantemque

148 2820 375 2866 Barthius
390 2821 405 2879 Η
421 2825 507 2865 216
519 2833 611 2864 neu
625 2821 751 2864 codd.
762 2823 859 2866 edd.
877 2834 936 2865 ne
948 2834 1062 2866 corr.
1075 2821 1340 2868 Koestlinus
1358 2825 1362 2874 ξ
1379 2821 1567 2864 umbras
1577 2823 1609 2861 P
1626 2817 1840 2862 umbram

151 2881 284 2925 ceteri
305 2881 321 2936 ΙΙ
344 2885 429 2924 217
462 2878 775 2934 timidumque
807 2884 842 2922 G
876 2881 1189 2926 Marklandus
1221 2876 1543 2934 tumidumque
1579 2878 1707 2924 codd.
1740 2878 1838 2923 edd.

1396 2951 1482 2995 16*
