<?xml version="1.0" encoding="UTF-8"?>
<!DOCTYPE html PUBLIC "-//W3C//DTD XHTML 1.0 Transitional//EN"
    "http://www.w3.org/TR/xhtml1/DTD/xhtml1-transitional.dtd">
<html xmlns="http://www.w3.org/1999/xhtml" xml:lang="en" lang="en">
 <head>
  <title>
</title>
<meta http-equiv="Content-Type" content="text/html;charset=utf-8" />
  <meta name='ocr-system' content='tesseract 3.04.00' />
  <meta name='ocr-capabilities' content='ocr_page ocr_carea ocr_par ocr_line ocrx_word'/>
</head>
<body>
  <div class='ocr_page' id='page_1' title='image "./operapapinius212statuoft_0193.png"; bbox 0 0 2008 3198; ppageno 0'>
   <div class='ocr_carea' id='block_1_1' title="bbox 0 2013 74 3198">
    <p class='ocr_par' dir='ltr' id='par_1_1' title="bbox 0 2013 74 3198">
     <span class='ocr_line' id='line_1_1' title="bbox 0 2013 74 3198; baseline 0 0"><span class='ocrx_word' id='word_1_1' title='bbox 0 2013 74 3198; x_wconf 95' lang='lat' dir='ltr'><strong> </strong></span> 
     </span>
    </p>
   </div>
   <div class='ocr_carea' id='block_1_2' title="bbox 670 206 1816 261">
    <p class='ocr_par' dir='ltr' id='par_1_2' title="bbox 670 206 1816 261">
     <span class='ocr_line' id='line_1_2' title="bbox 670 206 1816 261; baseline 0.008 -10"><span class='ocrx_word' id='word_1_2' title='bbox 670 207 1013 252; x_wconf 81' lang='lat' dir='ltr'><strong>THEBAIDOS</strong></span> <span class='ocrx_word' id='word_1_3' title='bbox 1046 207 1156 252; x_wconf 91' lang='lat' dir='ltr'><strong>LIB.</strong></span> <span class='ocrx_word' id='word_1_4' title='bbox 1189 206 1266 252; x_wconf 91' lang='lat' dir='ltr'><strong>IV.</strong></span> <span class='ocrx_word' id='word_1_5' title='bbox 1710 207 1816 261; x_wconf 78' lang='grc'><strong>105</strong></span> 
     </span>
    </p>
   </div>
   <div class='ocr_carea' id='block_1_3' title="bbox 210 329 1791 399">
    <p class='ocr_par' dir='ltr' id='par_1_3' title="bbox 210 329 1791 399">
     <span class='ocr_line' id='line_1_3' title="bbox 210 329 1791 399; baseline -0.001 -15"><span class='ocrx_word' id='word_1_6' title='bbox 210 330 368 384; x_wconf 86' lang='lat' dir='ltr'><strong>Iussa</strong></span> <span class='ocrx_word' id='word_1_7' title='bbox 405 329 538 384; x_wconf 87' lang='lat' dir='ltr'><strong>facit</strong></span> <span class='ocrx_word' id='word_1_8' title='bbox 577 347 900 399; x_wconf 82' lang='lat' dir='ltr'>carmenque</span> <span class='ocrx_word' id='word_1_9' title='bbox 940 331 1091 399; x_wconf 90' lang='lat' dir='ltr'><strong>serit,</strong></span> <span class='ocrx_word' id='word_1_10' title='bbox 1132 348 1236 399; x_wconf 93' lang='lat' dir='ltr'><strong>quo</strong></span> <span class='ocrx_word' id='word_1_11' title='bbox 1277 329 1508 399; x_wconf 87' lang='lat' dir='ltr'><strong>dissipat</strong></span> <span class='ocrx_word' id='word_1_12' title='bbox 1546 329 1791 399; x_wconf 86' lang='lat' dir='ltr'><strong>umbras,</strong></span> 
     </span>
    </p>
   </div>
   <div class='ocr_carea' id='block_1_4' title="bbox 138 403 1928 475">
    <p class='ocr_par' dir='ltr' id='par_1_4' title="bbox 138 403 1928 475">
     <span class='ocr_line' id='line_1_4' title="bbox 138 403 1928 475; baseline -0.001 -17"><span class='ocrx_word' id='word_1_13' title='bbox 138 405 255 468; x_wconf 82' lang='lat' dir='ltr'><strong>Quo</strong></span> <span class='ocrx_word' id='word_1_14' title='bbox 294 404 438 475; x_wconf 84' lang='lat' dir='ltr'><strong>regit</strong></span> <span class='ocrx_word' id='word_1_15' title='bbox 477 407 531 457; x_wconf 89' lang='lat' dir='ltr'><strong>et</strong></span> <span class='ocrx_word' id='word_1_16' title='bbox 571 423 810 473; x_wconf 82' lang='lat' dir='ltr'><strong>sparsas3</strong></span> <span class='ocrx_word' id='word_1_17' title='bbox 849 405 1044 474; x_wconf 87' lang='lat' dir='ltr'><strong>qualis,</strong></span> <span class='ocrx_word' id='word_1_18' title='bbox 1086 404 1134 457; x_wconf 89' lang='lat' dir='ltr'><strong>si</strong></span> <span class='ocrx_word' id='word_1_19' title='bbox 1172 404 1397 457; x_wconf 88' lang='lat' dir='ltr'><strong>crimina</strong></span> <span class='ocrx_word' id='word_1_20' title='bbox 1436 403 1641 473; x_wconf 86' lang='lat' dir='ltr'><strong>demas,</strong></span> <span class='ocrx_word' id='word_1_21' title='bbox 1740 417 1826 457; x_wconf 88' lang='lat'><strong>550</strong></span> <span class='ocrx_word' id='word_1_22' title='bbox 1919 464 1928 473; x_wconf 34' lang='lat'>⁸</span> 
     </span>
    </p>
   </div>
   <div class='ocr_carea' id='block_1_5' title="bbox 135 476 1836 2318">
    <p class='ocr_par' dir='ltr' id='par_1_5' title="bbox 137 476 1432 532">
     <span class='ocr_line' id='line_1_5' title="bbox 137 476 1432 532; baseline -0.001 0"><span class='ocrx_word' id='word_1_23' title='bbox 137 477 357 532; x_wconf 82' lang='lat' dir='ltr'><strong>Colchis</strong></span> <span class='ocrx_word' id='word_1_24' title='bbox 398 481 452 531; x_wconf 86' lang='lat' dir='ltr'><strong>et</strong></span> <span class='ocrx_word' id='word_1_25' title='bbox 490 477 673 531; x_wconf 90' lang='lat' dir='ltr'><strong>Aeaeo</strong></span> <span class='ocrx_word' id='word_1_26' title='bbox 715 478 1023 531; x_wconf 75' lang='lat' dir='ltr'><strong>simulatrix</strong></span> <span class='ocrx_word' id='word_1_27' title='bbox 1064 478 1223 531; x_wconf 88' lang='lat' dir='ltr'><strong>litore</strong></span> <span class='ocrx_word' id='word_1_28' title='bbox 1264 476 1432 531; x_wconf 82' lang='lat' dir='ltr'><strong>Circe.</strong></span> 
     </span>
    </p>

    <p class='ocr_par' dir='ltr' id='par_1_6' title="bbox 138 551 1529 621">
     <span class='ocr_line' id='line_1_6' title="bbox 138 551 1529 621; baseline -0.001 -15"><span class='ocrx_word' id='word_1_29' title='bbox 138 552 288 606; x_wconf 85' lang='lat' dir='ltr'><strong>Tunc</strong></span> <span class='ocrx_word' id='word_1_30' title='bbox 325 552 412 605; x_wconf 91' lang='lat' dir='ltr'><strong>his</strong></span> <span class='ocrx_word' id='word_1_31' title='bbox 454 552 758 605; x_wconf 89' lang='lat' dir='ltr'><strong>sacrificum</strong></span> <span class='ocrx_word' id='word_1_32' title='bbox 799 551 957 605; x_wconf 89' lang='lat' dir='ltr'><strong>dictis</strong></span> <span class='ocrx_word' id='word_1_33' title='bbox 998 551 1181 605; x_wconf 87' lang='lat' dir='ltr'><strong>adfata</strong></span> <span class='ocrx_word' id='word_1_34' title='bbox 1221 555 1529 621; x_wconf 89' lang='lat' dir='ltr'><strong>parentem:</strong></span> 
     </span>
    </p>

    <p class='ocr_par' dir='ltr' id='par_1_7' title="bbox 137 624 1537 695">
     <span class='ocr_line' id='line_1_7' title="bbox 137 624 1537 695; baseline -0.001 -16"><span class='ocrx_word' id='word_1_35' title='bbox 137 625 371 680; x_wconf 75' lang='lat' dir='ltr'><strong>‘Primus</strong></span> <span class='ocrx_word' id='word_1_36' title='bbox 412 626 711 695; x_wconf 85' lang='lat' dir='ltr'><strong>sanguineo</strong></span> <span class='ocrx_word' id='word_1_37' title='bbox 753 625 1030 678; x_wconf 89' lang='lat' dir='ltr'><strong>submittit</strong></span> <span class='ocrx_word' id='word_1_38' title='bbox 1067 626 1265 679; x_wconf 87' lang='lat' dir='ltr'><strong>inertia</strong></span> <span class='ocrx_word' id='word_1_39' title='bbox 1304 624 1537 679; x_wconf 81' lang='lat' dir='ltr'><strong>Cadmus</strong></span> 
     </span>
    </p>

    <p class='ocr_par' dir='ltr' id='par_1_8' title="bbox 135 697 1829 918">
     <span class='ocr_line' id='line_1_8' title="bbox 139 697 1485 768; baseline -0.002 -14"><span class='ocrx_word' id='word_1_40' title='bbox 139 700 249 756; x_wconf 88' lang='lat' dir='ltr'><strong>Ora</strong></span> <span class='ocrx_word' id='word_1_41' title='bbox 287 701 429 768; x_wconf 86' lang='lat' dir='ltr'><strong>lacu,</strong></span> <span class='ocrx_word' id='word_1_42' title='bbox 468 701 723 768; x_wconf 88' lang='lat' dir='ltr'><strong>iuxtaque</strong></span> <span class='ocrx_word' id='word_1_43' title='bbox 764 700 939 752; x_wconf 88' lang='lat' dir='ltr'><strong>virum</strong></span> <span class='ocrx_word' id='word_1_44' title='bbox 978 697 1269 767; x_wconf 87' lang='lat' dir='ltr'><strong>Cythereia</strong></span> <span class='ocrx_word' id='word_1_45' title='bbox 1307 700 1485 768; x_wconf 87' lang='lat' dir='ltr'><strong>proles</strong></span> 
     </span>
     <span class='ocr_line' id='line_1_9' title="bbox 135 773 1829 844; baseline -0.001 -16"><span class='ocrx_word' id='word_1_46' title='bbox 135 774 468 844; x_wconf 77' lang='lat' dir='ltr'><strong>Insequitur,</strong></span> <span class='ocrx_word' id='word_1_47' title='bbox 508 773 859 844; x_wconf 88' lang='lat' dir='ltr'><strong>geminusque</strong></span> <span class='ocrx_word' id='word_1_48' title='bbox 898 773 1037 825; x_wconf 89' lang='lat' dir='ltr'><strong>bibit</strong></span> <span class='ocrx_word' id='word_1_49' title='bbox 1076 773 1141 825; x_wconf 89' lang='lat' dir='ltr'><strong>de</strong></span> <span class='ocrx_word' id='word_1_50' title='bbox 1180 774 1381 826; x_wconf 87' lang='lat' dir='ltr'><strong>vertice</strong></span> <span class='ocrx_word' id='word_1_51' title='bbox 1421 790 1654 842; x_wconf 68' lang='lat' dir='ltr'><strong>serpens</strong></span> <span class='ocrx_word' id='word_1_52' title='bbox 1743 785 1829 827; x_wconf 86' lang='lat'><strong>555</strong></span> 
     </span>
     <span class='ocr_line' id='line_1_10' title="bbox 137 846 1638 918; baseline -0.001 -17"><span class='ocrx_word' id='word_1_53' title='bbox 137 848 464 918; x_wconf 82' lang='lat' dir='ltr'><strong>Terrigenae</strong></span> <span class='ocrx_word' id='word_1_54' title='bbox 503 847 728 900; x_wconf 89' lang='lat' dir='ltr'><strong>comites</strong></span> <span class='ocrx_word' id='word_1_55' title='bbox 767 847 913 917; x_wconf 90' lang='lat' dir='ltr'><strong>illos,</strong></span> <span class='ocrx_word' id='word_1_56' title='bbox 953 863 1086 916; x_wconf 85' lang='lat' dir='ltr'><strong>gens</strong></span> <span class='ocrx_word' id='word_1_57' title='bbox 1125 846 1349 916; x_wconf 88' lang='lat' dir='ltr'><strong>Martia,</strong></span> <span class='ocrx_word' id='word_1_58' title='bbox 1389 847 1638 916; x_wconf 84' lang='lat' dir='ltr'><strong>cingunt,</strong></span> 
     </span>
    </p>

    <p class='ocr_par' dir='ltr' id='par_1_9' title="bbox 138 921 1782 1140">
     <span class='ocr_line' id='line_1_11' title="bbox 138 921 1669 991; baseline -0.001 -16"><span class='ocrx_word' id='word_1_59' title='bbox 138 921 269 984; x_wconf 80' lang='lat' dir='ltr'><strong>Quis</strong></span> <span class='ocrx_word' id='word_1_60' title='bbox 311 921 430 975; x_wconf 85' lang='lat' dir='ltr'><strong>aevi</strong></span> <span class='ocrx_word' id='word_1_61' title='bbox 468 939 719 982; x_wconf 76' lang='lat' dir='ltr'><strong>mensura</strong></span> <span class='ocrx_word' id='word_1_62' title='bbox 760 921 895 991; x_wconf 86' lang='lat' dir='ltr'><strong>dies,</strong></span> <span class='ocrx_word' id='word_1_63' title='bbox 933 939 1125 974; x_wconf 88' lang='lat' dir='ltr'><strong>manus</strong></span> <span class='ocrx_word' id='word_1_64' title='bbox 1167 921 1341 975; x_wconf 89' lang='lat' dir='ltr'><strong>omnis</strong></span> <span class='ocrx_word' id='word_1_65' title='bbox 1381 921 1439 973; x_wconf 92' lang='lat' dir='ltr'><strong>in</strong></span> <span class='ocrx_word' id='word_1_66' title='bbox 1478 921 1644 974; x_wconf 88' lang='lat' dir='ltr'><strong>armis</strong></span> <span class='ocrx_word' id='word_1_67' title='bbox 1656 963 1669 990; x_wconf 94' lang='lat'><strong>,</strong></span> 
     </span>
     <span class='ocr_line' id='line_1_12' title="bbox 138 995 1782 1065; baseline -0.002 -15"><span class='ocrx_word' id='word_1_68' title='bbox 138 995 327 1054; x_wconf 91' lang='lat' dir='ltr'><strong>Omnis</strong></span> <span class='ocrx_word' id='word_1_69' title='bbox 369 999 424 1048; x_wconf 89' lang='lat' dir='ltr'><strong>et</strong></span> <span class='ocrx_word' id='word_1_70' title='bbox 460 995 519 1048; x_wconf 94' lang='lat' dir='ltr'><strong>in</strong></span> <span class='ocrx_word' id='word_1_71' title='bbox 558 995 774 1064; x_wconf 82' lang='lat' dir='ltr'><strong>capu103</strong></span> <span class='ocrx_word' id='word_1_72' title='bbox 812 995 1106 1065; x_wconf 87' lang='lat' dir='ltr'><strong>prohibent</strong></span> <span class='ocrx_word' id='word_1_73' title='bbox 1146 995 1474 1064; x_wconf 88' lang='lat' dir='ltr'><strong>obstantque</strong></span> <span class='ocrx_word' id='word_1_74' title='bbox 1514 998 1782 1063; x_wconf 90' lang='lat' dir='ltr'><strong>ruuntque</strong></span> 
     </span>
     <span class='ocr_line' id='line_1_13' title="bbox 140 1068 1532 1140; baseline -0.001 -17"><span class='ocrx_word' id='word_1_75' title='bbox 140 1069 457 1140; x_wconf 85' lang='lat' dir='ltr'><strong>Spirantum</strong></span> <span class='ocrx_word' id='word_1_76' title='bbox 494 1068 667 1138; x_wconf 85' lang='lat' dir='ltr'><strong>rabie,</strong></span> <span class='ocrx_word' id='word_1_77' title='bbox 707 1087 806 1122; x_wconf 87' lang='lat' dir='ltr'><strong>nec</strong></span> <span class='ocrx_word' id='word_1_78' title='bbox 844 1068 993 1122; x_wconf 87' lang='lat' dir='ltr'><strong>tristi</strong></span> <span class='ocrx_word' id='word_1_79' title='bbox 1032 1069 1343 1122; x_wconf 83' lang='lat' dir='ltr'><strong>incumbere</strong></span> <span class='ocrx_word' id='word_1_80' title='bbox 1385 1069 1532 1121; x_wconf 89' lang='lat' dir='ltr'><strong>sulco</strong></span> 
     </span>
    </p>

    <p class='ocr_par' dir='ltr' id='par_1_10' title="bbox 137 1142 1831 1286">
     <span class='ocr_line' id='line_1_14' title="bbox 139 1142 1831 1212; baseline -0.001 -15"><span class='ocrx_word' id='word_1_81' title='bbox 139 1142 310 1212; x_wconf 90' lang='lat' dir='ltr'><strong>Cura,</strong></span> <span class='ocrx_word' id='word_1_82' title='bbox 349 1142 441 1196; x_wconf 89' lang='lat' dir='ltr'><strong>sed</strong></span> <span class='ocrx_word' id='word_1_83' title='bbox 480 1143 749 1195; x_wconf 90' lang='lat' dir='ltr'><strong>alternum</strong></span> <span class='ocrx_word' id='word_1_84' title='bbox 789 1142 910 1196; x_wconf 90' lang='lat' dir='ltr'><strong>sitis</strong></span> <span class='ocrx_word' id='word_1_85' title='bbox 952 1143 1235 1196; x_wconf 89' lang='lat' dir='ltr'><strong>exhaurire</strong></span> <span class='ocrx_word' id='word_1_86' title='bbox 1277 1160 1536 1196; x_wconf 89' lang='lat' dir='ltr'><strong>cruorem.</strong></span> <span class='ocrx_word' id='word_1_87' title='bbox 1745 1153 1831 1196; x_wconf 83' lang='lat'><strong>560</strong></span> 
     </span>
     <span class='ocr_line' id='line_1_15' title="bbox 137 1217 1578 1286; baseline -0.001 -16"><span class='ocrx_word' id='word_1_88' title='bbox 137 1217 394 1271; x_wconf 88' lang='lat' dir='ltr'><strong>Proxima</strong></span> <span class='ocrx_word' id='word_1_89' title='bbox 432 1220 685 1270; x_wconf 87' lang='lat' dir='ltr'><strong>natarum</strong></span> <span class='ocrx_word' id='word_1_90' title='bbox 725 1235 917 1270; x_wconf 90' lang='lat' dir='ltr'><strong>manus</strong></span> <span class='ocrx_word' id='word_1_91' title='bbox 958 1220 1042 1270; x_wconf 90' lang='lat' dir='ltr'><strong>est</strong></span> <span class='ocrx_word' id='word_1_92' title='bbox 1079 1217 1298 1286; x_wconf 91' lang='lat' dir='ltr'><strong>fletique</strong></span> <span class='ocrx_word' id='word_1_93' title='bbox 1338 1219 1578 1285; x_wconf 79' lang='lat' dir='ltr'><strong>nepotes,</strong></span> 
     </span>
    </p>

    <p class='ocr_par' dir='ltr' id='par_1_11' title="bbox 137 1290 1830 1729">
     <span class='ocr_line' id='line_1_16' title="bbox 137 1290 1634 1345; baseline -0.002 0"><span class='ocrx_word' id='word_1_94' title='bbox 137 1291 244 1345; x_wconf 92' lang='lat' dir='ltr'><strong>Hic</strong></span> <span class='ocrx_word' id='word_1_95' title='bbox 283 1291 472 1345; x_wconf 90' lang='lat' dir='ltr'><strong>orbam</strong></span> <span class='ocrx_word' id='word_1_96' title='bbox 510 1290 803 1345; x_wconf 76' lang='lat' dir='ltr'><strong>Autonoen</strong></span> <span class='ocrx_word' id='word_1_97' title='bbox 842 1294 897 1343; x_wconf 91' lang='lat' dir='ltr'><strong>et</strong></span> <span class='ocrx_word' id='word_1_98' title='bbox 937 1291 1189 1343; x_wconf 90' lang='lat' dir='ltr'><strong>anhelam</strong></span> <span class='ocrx_word' id='word_1_99' title='bbox 1228 1291 1495 1344; x_wconf 92' lang='lat' dir='ltr'><strong>cernimus</strong></span> <span class='ocrx_word' id='word_1_100' title='bbox 1534 1290 1634 1343; x_wconf 90' lang='lat' dir='ltr'><strong>Ino</strong></span> 
     </span>
     <span class='ocr_line' id='line_1_17' title="bbox 138 1364 1725 1435; baseline -0.001 -17"><span class='ocrx_word' id='word_1_101' title='bbox 138 1365 556 1435; x_wconf 88' lang='lat' dir='ltr'><strong>Respectantem</strong></span> <span class='ocrx_word' id='word_1_102' title='bbox 596 1382 750 1417; x_wconf 87' lang='lat' dir='ltr'><strong>arcus</strong></span> <span class='ocrx_word' id='word_1_103' title='bbox 791 1367 846 1416; x_wconf 92' lang='lat' dir='ltr'><strong>et</strong></span> <span class='ocrx_word' id='word_1_104' title='bbox 887 1364 955 1417; x_wconf 90' lang='lat' dir='ltr'><strong>ad</strong></span> <span class='ocrx_word' id='word_1_105' title='bbox 993 1365 1162 1417; x_wconf 87' lang='lat' dir='ltr'><strong>ubera</strong></span> <span class='ocrx_word' id='word_1_106' title='bbox 1200 1365 1351 1417; x_wconf 89' lang='lat' dir='ltr'><strong>dulce</strong></span> <span class='ocrx_word' id='word_1_107' title='bbox 1390 1366 1725 1434; x_wconf 88' lang='lat' dir='ltr'><strong>prementem</strong></span> 
     </span>
     <span class='ocr_line' id='line_1_18' title="bbox 139 1436 1608 1508; baseline -0.001 -17"><span class='ocrx_word' id='word_1_108' title='bbox 139 1439 347 1508; x_wconf 82' lang='lat' dir='ltr'><strong>Pignus</strong></span> <span class='ocrx_word' id='word_1_109' title='bbox 388 1441 443 1491; x_wconf 88' lang='lat' dir='ltr'><strong>et</strong></span> <span class='ocrx_word' id='word_1_110' title='bbox 482 1439 748 1507; x_wconf 90' lang='lat' dir='ltr'><strong>oppositis</strong></span> <span class='ocrx_word' id='word_1_111' title='bbox 790 1436 1037 1491; x_wconf 83' lang='lat' dir='ltr'><strong>Semelen</strong></span> <span class='ocrx_word' id='word_1_112' title='bbox 1077 1456 1108 1501; x_wconf 86' lang='lat' dir='ltr'><strong>a</strong></span> <span class='ocrx_word' id='word_1_113' title='bbox 1146 1441 1336 1491; x_wconf 86' lang='lat' dir='ltr'><strong>ventre</strong></span> <span class='ocrx_word' id='word_1_114' title='bbox 1375 1437 1608 1491; x_wconf 78' lang='lat' dir='ltr'><strong>lacertis,</strong></span> 
     </span>
     <span class='ocr_line' id='line_1_19' title="bbox 140 1510 1830 1583; baseline -0.002 -17"><span class='ocrx_word' id='word_1_115' title='bbox 140 1511 387 1566; x_wconf 87' lang='lat' dir='ltr'><strong>Penthea</strong></span> <span class='ocrx_word' id='word_1_116' title='bbox 424 1512 534 1565; x_wconf 84' lang='lat' dir='ltr'><strong>iam</strong></span> <span class='ocrx_word' id='word_1_117' title='bbox 572 1511 760 1565; x_wconf 90' lang='lat' dir='ltr'><strong>fractis</strong></span> <span class='ocrx_word' id='word_1_118' title='bbox 801 1511 1046 1581; x_wconf 86' lang='lat' dir='ltr'><strong>genetrix</strong></span> <span class='ocrx_word' id='word_1_119' title='bbox 1087 1510 1345 1583; x_wconf 85' lang='lat' dir='ltr'><strong>Cadmeia</strong></span> <span class='ocrx_word' id='word_1_120' title='bbox 1383 1511 1619 1580; x_wconf 81' lang='lat' dir='ltr'><strong>thyrsiS,</strong></span> <span class='ocrx_word' id='word_1_121' title='bbox 1744 1522 1830 1563; x_wconf 85' lang='grc'><strong>565</strong></span> 
     </span>
     <span class='ocr_line' id='line_1_20' title="bbox 140 1585 1767 1655; baseline -0.001 -16"><span class='ocrx_word' id='word_1_122' title='bbox 140 1586 364 1655; x_wconf 83' lang='lat' dir='ltr'><strong>Iamque</strong></span> <span class='ocrx_word' id='word_1_123' title='bbox 403 1585 631 1638; x_wconf 89' lang='lat' dir='ltr'><strong>remissa</strong></span> <span class='ocrx_word' id='word_1_124' title='bbox 671 1586 793 1653; x_wconf 87' lang='lat' dir='ltr'><strong>dc0,</strong></span> <span class='ocrx_word' id='word_1_125' title='bbox 831 1588 1124 1654; x_wconf 86' lang='lat' dir='ltr'><strong>pectusque</strong></span> <span class='ocrx_word' id='word_1_126' title='bbox 1165 1585 1423 1653; x_wconf 89' lang='lat' dir='ltr'><strong>adoperta</strong></span> <span class='ocrx_word' id='word_1_127' title='bbox 1463 1587 1767 1653; x_wconf 88' lang='lat' dir='ltr'><strong>cruentum,</strong></span> 
     </span>
     <span class='ocr_line' id='line_1_21' title="bbox 139 1658 1580 1729; baseline -0.002 -16"><span class='ocrx_word' id='word_1_128' title='bbox 139 1659 452 1729; x_wconf 82' lang='lat' dir='ltr'><strong>Insequitur</strong></span> <span class='ocrx_word' id='word_1_129' title='bbox 489 1659 735 1728; x_wconf 83' lang='lat' dir='ltr'><strong>planctu3</strong></span> <span class='ocrx_word' id='word_1_130' title='bbox 774 1658 919 1728; x_wconf 86' lang='lat' dir='ltr'><strong>fugit</strong></span> <span class='ocrx_word' id='word_1_131' title='bbox 956 1659 1047 1711; x_wconf 90' lang='lat' dir='ltr'><strong>ille</strong></span> <span class='ocrx_word' id='word_1_132' title='bbox 1086 1677 1183 1728; x_wconf 88' lang='lat' dir='ltr'><strong>per</strong></span> <span class='ocrx_word' id='word_1_133' title='bbox 1222 1659 1343 1712; x_wconf 87' lang='lat' dir='ltr'><strong>avia</strong></span> <span class='ocrx_word' id='word_1_134' title='bbox 1380 1658 1580 1711; x_wconf 86' lang='lat' dir='ltr'><strong>Lethes</strong></span> 
     </span>
    </p>

    <p class='ocr_par' dir='ltr' id='par_1_12' title="bbox 140 1731 1654 1803">
     <span class='ocr_line' id='line_1_22' title="bbox 140 1731 1654 1803; baseline -0.002 -16"><span class='ocrx_word' id='word_1_135' title='bbox 140 1733 216 1787; x_wconf 86' lang='lat' dir='ltr'><strong>Et</strong></span> <span class='ocrx_word' id='word_1_136' title='bbox 256 1731 475 1803; x_wconf 85' lang='lat' dir='ltr'><strong>Stygios</strong></span> <span class='ocrx_word' id='word_1_137' title='bbox 516 1751 678 1801; x_wconf 90' lang='lat' dir='ltr'><strong>super</strong></span> <span class='ocrx_word' id='word_1_138' title='bbox 717 1751 885 1802; x_wconf 89' lang='lat' dir='ltr'><strong>usque</strong></span> <span class='ocrx_word' id='word_1_139' title='bbox 925 1732 1100 1801; x_wconf 80' lang='lat' dir='ltr'><strong>lacUS,</strong></span> <span class='ocrx_word' id='word_1_140' title='bbox 1138 1733 1233 1786; x_wconf 93' lang='lat' dir='ltr'><strong>ubi</strong></span> <span class='ocrx_word' id='word_1_141' title='bbox 1272 1733 1458 1785; x_wconf 91' lang='lat' dir='ltr'><strong>mitior</strong></span> <span class='ocrx_word' id='word_1_142' title='bbox 1498 1732 1654 1784; x_wconf 91' lang='lat' dir='ltr'><strong>illum</strong></span> 
     </span>
    </p>

    <p class='ocr_par' dir='ltr' id='par_1_13' title="bbox 141 1805 1836 2022">
     <span class='ocr_line' id='line_1_23' title="bbox 141 1805 1647 1875; baseline 0 -16"><span class='ocrx_word' id='word_1_143' title='bbox 141 1806 263 1860; x_wconf 86' lang='lat' dir='ltr'><strong>Flet</strong></span> <span class='ocrx_word' id='word_1_144' title='bbox 301 1810 457 1875; x_wconf 89' lang='lat' dir='ltr'><strong>pater</strong></span> <span class='ocrx_word' id='word_1_145' title='bbox 497 1810 552 1859; x_wconf 88' lang='lat' dir='ltr'><strong>et</strong></span> <span class='ocrx_word' id='word_1_146' title='bbox 590 1807 831 1860; x_wconf 88' lang='lat' dir='ltr'><strong>lacerum</strong></span> <span class='ocrx_word' id='word_1_147' title='bbox 870 1807 1149 1875; x_wconf 90' lang='lat' dir='ltr'><strong>componit</strong></span> <span class='ocrx_word' id='word_1_148' title='bbox 1187 1824 1381 1875; x_wconf 91' lang='lat' dir='ltr'><strong>corpus</strong></span> <span class='ocrx_word' id='word_1_149' title='bbox 1420 1805 1647 1859; x_wconf 87' lang='lat' dir='ltr'><strong>Echion.</strong></span> 
     </span>
     <span class='ocr_line' id='line_1_24' title="bbox 144 1879 1836 1948; baseline 0.001 -16"><span class='ocrx_word' id='word_1_150' title='bbox 144 1879 382 1933; x_wconf 87' lang='lat' dir='ltr'><strong>Tristem</strong></span> <span class='ocrx_word' id='word_1_151' title='bbox 410 1897 575 1932; x_wconf 90' lang='lat' dir='ltr'><strong>nosco</strong></span> <span class='ocrx_word' id='word_1_152' title='bbox 599 1879 802 1948; x_wconf 81' lang='lat' dir='ltr'><strong>Lycum</strong></span> <span class='ocrx_word' id='word_1_153' title='bbox 835 1880 1183 1948; x_wconf 86' lang='lat' dir='ltr'><strong>dextramque</strong></span> <span class='ocrx_word' id='word_1_154' title='bbox 1208 1880 1265 1932; x_wconf 89' lang='lat' dir='ltr'><strong>in</strong></span> <span class='ocrx_word' id='word_1_155' title='bbox 1288 1884 1445 1948; x_wconf 86' lang='lat' dir='ltr'><strong>terga</strong></span> <span class='ocrx_word' id='word_1_156' title='bbox 1467 1879 1724 1932; x_wconf 89' lang='lat' dir='ltr'><strong>reflexum</strong></span> <span class='ocrx_word' id='word_1_157' title='bbox 1749 1891 1836 1933; x_wconf 91' lang='grc'><strong>570</strong></span> 
     </span>
     <span class='ocr_line' id='line_1_25' title="bbox 144 1952 1442 2022; baseline -0.002 -16"><span class='ocrx_word' id='word_1_158' title='bbox 144 1952 431 2022; x_wconf 88' lang='lat' dir='ltr'><strong>Aeoliden,</strong></span> <span class='ocrx_word' id='word_1_159' title='bbox 471 1970 656 2006; x_wconf 90' lang='lat' dir='ltr'><strong>umero</strong></span> <span class='ocrx_word' id='word_1_160' title='bbox 694 1954 987 2005; x_wconf 88' lang='lat' dir='ltr'><strong>iactantem</strong></span> <span class='ocrx_word' id='word_1_161' title='bbox 1024 1953 1184 2005; x_wconf 89' lang='lat' dir='ltr'><strong>funus</strong></span> <span class='ocrx_word' id='word_1_162' title='bbox 1226 1955 1442 2005; x_wconf 81' lang='lat' dir='ltr'><strong>onusto,</strong></span> 
     </span>
    </p>

    <p class='ocr_par' dir='ltr' id='par_1_14' title="bbox 143 2025 1783 2168">
     <span class='ocr_line' id='line_1_26' title="bbox 143 2025 1783 2080; baseline -0.001 0"><span class='ocrx_word' id='word_1_163' title='bbox 143 2026 387 2080; x_wconf 90' lang='lat' dir='ltr'><strong>Necdum</strong></span> <span class='ocrx_word' id='word_1_164' title='bbox 425 2026 517 2078; x_wconf 91' lang='lat' dir='ltr'><strong>ille</strong></span> <span class='ocrx_word' id='word_1_165' title='bbox 558 2029 651 2079; x_wconf 88' lang='lat' dir='ltr'><strong>aut</strong></span> <span class='ocrx_word' id='word_1_166' title='bbox 689 2026 908 2078; x_wconf 91' lang='lat' dir='ltr'><strong>habitus</strong></span> <span class='ocrx_word' id='word_1_167' title='bbox 951 2029 1044 2079; x_wconf 88' lang='lat' dir='ltr'><strong>aut</strong></span> <span class='ocrx_word' id='word_1_168' title='bbox 1083 2044 1271 2079; x_wconf 86' lang='lat' dir='ltr'><strong>versae</strong></span> <span class='ocrx_word' id='word_1_169' title='bbox 1312 2026 1538 2079; x_wconf 90' lang='lat' dir='ltr'><strong>crimina</strong></span> <span class='ocrx_word' id='word_1_170' title='bbox 1578 2025 1783 2078; x_wconf 85' lang='lat' dir='ltr'><strong>formae</strong></span> 
     </span>
     <span class='ocr_line' id='line_1_27' title="bbox 143 2098 1561 2168; baseline -0.001 -15"><span class='ocrx_word' id='word_1_171' title='bbox 143 2099 326 2153; x_wconf 85' lang='lat' dir='ltr'><strong>Mutat</strong></span> <span class='ocrx_word' id='word_1_172' title='bbox 364 2098 618 2152; x_wconf 86' lang='lat' dir='ltr'><strong>Aristaeo</strong></span> <span class='ocrx_word' id='word_1_173' title='bbox 660 2100 900 2168; x_wconf 86' lang='lat' dir='ltr'><strong>genitus:</strong></span> <span class='ocrx_word' id='word_1_174' title='bbox 940 2098 1092 2152; x_wconf 90' lang='lat' dir='ltr'><strong>frons</strong></span> <span class='ocrx_word' id='word_1_175' title='bbox 1135 2117 1330 2168; x_wconf 89' lang='lat' dir='ltr'><strong>aspera</strong></span> <span class='ocrx_word' id='word_1_176' title='bbox 1370 2117 1538 2152; x_wconf 88' lang='lat' dir='ltr'><strong>cornu</strong></span> <span class='ocrx_word' id='word_1_177' title='bbox 1547 2141 1561 2167; x_wconf 97' lang='lat'><strong>,</strong></span> 
     </span>
    </p>

    <p class='ocr_par' dir='ltr' id='par_1_15' title="bbox 144 2173 1597 2243">
     <span class='ocr_line' id='line_1_28' title="bbox 144 2173 1597 2243; baseline -0.002 -16"><span class='ocrx_word' id='word_1_178' title='bbox 144 2173 276 2227; x_wconf 84' lang='lat' dir='ltr'><strong>Tela</strong></span> <span class='ocrx_word' id='word_1_179' title='bbox 315 2192 499 2242; x_wconf 89' lang='lat' dir='ltr'><strong>manu,</strong></span> <span class='ocrx_word' id='word_1_180' title='bbox 538 2173 798 2243; x_wconf 88' lang='lat' dir='ltr'><strong>reicitque</strong></span> <span class='ocrx_word' id='word_1_181' title='bbox 839 2191 999 2227; x_wconf 90' lang='lat' dir='ltr'><strong>canes</strong></span> <span class='ocrx_word' id='word_1_182' title='bbox 1039 2174 1095 2226; x_wconf 94' lang='lat' dir='ltr'><strong>in</strong></span> <span class='ocrx_word' id='word_1_183' title='bbox 1134 2174 1328 2226; x_wconf 82' lang='lat' dir='ltr'><strong>vulnus</strong></span> <span class='ocrx_word' id='word_1_184' title='bbox 1369 2173 1597 2225; x_wconf 86' lang='lat' dir='ltr'><strong>hiantes.</strong></span> 
     </span>
    </p>

    <p class='ocr_par' dir='ltr' id='par_1_16' title="bbox 144 2245 1836 2318">
     <span class='ocr_line' id='line_1_29' title="bbox 144 2245 1836 2318; baseline 0 -18"><span class='ocrx_word' id='word_1_185' title='bbox 144 2245 284 2306; x_wconf 84' lang='lat' dir='ltr'><strong>Ecce</strong></span> <span class='ocrx_word' id='word_1_186' title='bbox 325 2250 507 2300; x_wconf 90' lang='lat' dir='ltr'><strong>autem</strong></span> <span class='ocrx_word' id='word_1_187' title='bbox 547 2264 747 2318; x_wconf 86' lang='lat' dir='ltr'><strong>magna</strong></span> <span class='ocrx_word' id='word_1_188' title='bbox 788 2247 935 2300; x_wconf 90' lang='lat' dir='ltr'><strong>subit</strong></span> <span class='ocrx_word' id='word_1_189' title='bbox 974 2247 1242 2301; x_wconf 84' lang='lat' dir='ltr'><strong>invidiosa</strong></span> <span class='ocrx_word' id='word_1_190' title='bbox 1282 2249 1497 2315; x_wconf 84' lang='lat' dir='ltr'><strong>caterva</strong></span> <span class='ocrx_word' id='word_1_191' title='bbox 1750 2258 1836 2300; x_wconf 90' lang='grc'><strong>575</strong></span> 
     </span>
    </p>
   </div>
   <div class='ocr_carea' id='block_1_6' title="bbox 144 2351 500 2360">
    <p class='ocr_par' dir='ltr' id='par_1_17' title="bbox 144 2351 500 2360">
     <span class='ocr_line' id='line_1_30' title="bbox 144 2351 500 2360; baseline 0 838"><span class='ocrx_word' id='word_1_192' title='bbox 144 2351 500 2360; x_wconf 95' lang='lat' dir='ltr'><strong> </strong></span> 
     </span>
    </p>
   </div>
   <div class='ocr_carea' id='block_1_7' title="bbox 145 2389 1837 2686">
    <p class='ocr_par' dir='ltr' id='par_1_18' title="bbox 145 2389 1837 2686">
     <span class='ocr_line' id='line_1_31' title="bbox 265 2389 1837 2447; baseline -0.001 -11"><span class='ocrx_word' id='word_1_193' title='bbox 265 2397 350 2436; x_wconf 90' lang='grc'><strong>551</strong></span> <span class='ocrx_word' id='word_1_194' title='bbox 386 2391 571 2435; x_wconf 86' lang='lat' dir='ltr'><strong>Colchis</strong></span> <span class='ocrx_word' id='word_1_195' title='bbox 611 2394 777 2436; x_wconf 88' lang='lat' dir='ltr'><strong>etnaeo</strong></span> <span class='ocrx_word' id='word_1_196' title='bbox 808 2397 841 2435; x_wconf 99' lang='lat' dir='ltr'>P</span> <span class='ocrx_word' id='word_1_197' title='bbox 874 2390 1059 2436; x_wconf 88' lang='lat' dir='ltr'><strong>Colchis</strong></span> <span class='ocrx_word' id='word_1_198' title='bbox 1092 2404 1203 2435; x_wconf 87' lang='lat' dir='ltr'><strong>eaeo</strong></span> <span class='ocrx_word' id='word_1_199' title='bbox 1237 2396 1262 2434; x_wconf 81' lang='lat' dir='ltr'><strong>s</strong></span> <span class='ocrx_word' id='word_1_200' title='bbox 1293 2393 1308 2447; x_wconf 92' lang='grc'><strong>11</strong></span> <span class='ocrx_word' id='word_1_201' title='bbox 1337 2392 1428 2436; x_wconf 81' lang='grc'><strong>’555</strong></span> <span class='ocrx_word' id='word_1_202' title='bbox 1461 2389 1728 2446; x_wconf 87' lang='lat' dir='ltr'><strong>Insequitur</strong></span> <span class='ocrx_word' id='word_1_203' title='bbox 1758 2404 1837 2447; x_wconf 84' lang='lat' dir='ltr'><strong>ge-</strong></span> 
     </span>
     <span class='ocr_line' id='line_1_32' title="bbox 145 2449 1834 2508; baseline -0.001 -14"><span class='ocrx_word' id='word_1_204' title='bbox 145 2449 311 2505; x_wconf 88' lang='lat' dir='ltr'><strong>min&#39;q.</strong></span> <span class='ocrx_word' id='word_1_205' title='bbox 329 2449 456 2495; x_wconf 89' lang='lat' dir='ltr'><strong>bibit</strong></span> <span class='ocrx_word' id='word_1_206' title='bbox 470 2455 590 2493; x_wconf 79' lang='lat' dir='ltr'><strong>PBL</strong></span> <span class='ocrx_word' id='word_1_207' title='bbox 606 2450 770 2495; x_wconf 85' lang='lat' dir='ltr'><strong>Effluit</strong></span> <span class='ocrx_word' id='word_1_208' title='bbox 787 2451 1030 2495; x_wconf 86' lang='lat' dir='ltr'><strong>amborum</strong></span> <span class='ocrx_word' id='word_1_209' title='bbox 1047 2450 1260 2507; x_wconf 86' lang='lat' dir='ltr'><strong>geminus</strong></span> <span class='ocrx_word' id='word_1_210' title='bbox 1278 2454 1311 2493; x_wconf 85' lang='lat' dir='ltr'>B</span> <span class='ocrx_word' id='word_1_211' title='bbox 1323 2450 1470 2494; x_wconf 72' lang='lat' dir='ltr'><strong>G²sn</strong></span> <span class='ocrx_word' id='word_1_212' title='bbox 1491 2450 1495 2508; x_wconf 80' lang='grc'>1</span> <span class='ocrx_word' id='word_1_213' title='bbox 1516 2450 1574 2494; x_wconf 91' lang='lat' dir='ltr'><strong>de</strong></span> <span class='ocrx_word' id='word_1_214' title='bbox 1590 2449 1768 2493; x_wconf 86' lang='lat' dir='ltr'><strong>vortice</strong></span> <span class='ocrx_word' id='word_1_215' title='bbox 1786 2449 1834 2504; x_wconf 91' lang='lat' dir='ltr'><strong>(i.</strong></span> 
     </span>
     <span class='ocr_line' id='line_1_33' title="bbox 148 2508 1834 2566; baseline -0.001 -13"><span class='ocrx_word' id='word_1_216' title='bbox 148 2522 185 2553; x_wconf 87' lang='lat' dir='ltr'><strong>e.</strong></span> <span class='ocrx_word' id='word_1_217' title='bbox 219 2508 407 2552; x_wconf 87' lang='lat' dir='ltr'><strong>flumine</strong></span> <span class='ocrx_word' id='word_1_218' title='bbox 439 2509 698 2566; x_wconf 84' lang='lat' dir='ltr'><strong>sanguinis)</strong></span> <span class='ocrx_word' id='word_1_219' title='bbox 730 2510 955 2555; x_wconf 75' lang='lat' dir='ltr'><strong>Heinsius</strong></span> <span class='ocrx_word' id='word_1_220' title='bbox 978 2511 993 2566; x_wconf 88' lang='grc'><strong>11</strong></span> <span class='ocrx_word' id='word_1_221' title='bbox 1018 2514 1102 2554; x_wconf 88' lang='grc'><strong>557</strong></span> <span class='ocrx_word' id='word_1_222' title='bbox 1137 2508 1249 2562; x_wconf 85' lang='lat' dir='ltr'><strong>Quis</strong></span> <span class='ocrx_word' id='word_1_223' title='bbox 1278 2523 1391 2554; x_wconf 84' lang='lat' dir='ltr'><strong>corr.</strong></span> <span class='ocrx_word' id='word_1_224' title='bbox 1416 2509 1635 2553; x_wconf 81' lang='lat' dir='ltr'><strong>Naukius</strong></span> <span class='ocrx_word' id='word_1_225' title='bbox 1657 2522 1681 2552; x_wconf 82' lang='lat' dir='ltr'><strong>e</strong></span> <span class='ocrx_word' id='word_1_226' title='bbox 1702 2509 1834 2553; x_wconf 82' lang='lat' dir='ltr'><strong>schol.</strong></span> 
     </span>
     <span class='ocr_line' id='line_1_34' title="bbox 145 2565 1835 2626; baseline -0.002 -14"><span class='ocrx_word' id='word_1_227' title='bbox 145 2567 230 2612; x_wconf 86' lang='lat' dir='ltr'><strong>His</strong></span> <span class='ocrx_word' id='word_1_228' title='bbox 264 2569 391 2613; x_wconf 82' lang='lat' dir='ltr'><strong>codd.</strong></span> <span class='ocrx_word' id='word_1_229' title='bbox 418 2572 459 2612; x_wconf 85' lang='lat' dir='ltr'><strong>et</strong></span> <span class='ocrx_word' id='word_1_230' title='bbox 482 2570 580 2613; x_wconf 81' lang='lat' dir='ltr'><strong>edd.</strong></span> <span class='ocrx_word' id='word_1_231' title='bbox 605 2571 620 2625; x_wconf 92' lang='grc'><strong>11</strong></span> <span class='ocrx_word' id='word_1_232' title='bbox 645 2573 729 2613; x_wconf 85' lang='grc'><strong>559</strong></span> <span class='ocrx_word' id='word_1_233' title='bbox 764 2567 973 2626; x_wconf 85' lang='lat' dir='ltr'><strong>Spiranti</strong></span> <span class='ocrx_word' id='word_1_234' title='bbox 997 2570 1035 2613; x_wconf 69' lang='lat' dir='ltr'><strong>d*</strong></span> <span class='ocrx_word' id='word_1_235' title='bbox 1061 2583 1135 2624; x_wconf 81' lang='lat' dir='ltr'><strong>pr.</strong></span> <span class='ocrx_word' id='word_1_236' title='bbox 1162 2583 1217 2613; x_wconf 85' lang='lat' dir='ltr'><strong>m.</strong></span> <span class='ocrx_word' id='word_1_237' title='bbox 1239 2570 1368 2625; x_wconf 82' lang='lat' dir='ltr'><strong>prob.</strong></span> <span class='ocrx_word' id='word_1_238' title='bbox 1393 2568 1600 2612; x_wconf 75' lang='lat' dir='ltr'><strong>Bentleio</strong></span> <span class='ocrx_word' id='word_1_239' title='bbox 1626 2565 1835 2623; x_wconf 83' lang='lat' dir='ltr'><strong>Spiranti</strong></span> 
     </span>
     <span class='ocr_line' id='line_1_35' title="bbox 145 2626 1834 2686; baseline -0.001 -15"><span class='ocrx_word' id='word_1_240' title='bbox 145 2627 197 2671; x_wconf 90' lang='lat' dir='ltr'><strong>in</strong></span> <span class='ocrx_word' id='word_1_241' title='bbox 213 2627 522 2671; x_wconf 72' lang='lat' dir='ltr'><strong>Baehrensius</strong></span> <span class='ocrx_word' id='word_1_242' title='bbox 548 2629 556 2682; x_wconf 91' lang='grc'>1</span> <span class='ocrx_word' id='word_1_243' title='bbox 580 2627 707 2672; x_wconf 80' lang='lat' dir='ltr'><strong>fosso</strong></span> <span class='ocrx_word' id='word_1_244' title='bbox 724 2632 793 2670; x_wconf 76' lang='grc' dir='ltr'><strong>ΡΒ</strong></span> <span class='ocrx_word' id='word_1_245' title='bbox 810 2642 953 2685; x_wconf 74' lang='lat' dir='ltr'><strong>mary.</strong></span> <span class='ocrx_word' id='word_1_246' title='bbox 971 2627 1099 2671; x_wconf 87' lang='lat' dir='ltr'><strong>fossa</strong></span> <span class='ocrx_word' id='word_1_247' title='bbox 1115 2628 1224 2672; x_wconf 83' lang='lat' dir='ltr'><strong>Beh.</strong></span> <span class='ocrx_word' id='word_1_248' title='bbox 1244 2627 1368 2686; x_wconf 72' lang='lat' dir='ltr'><strong>fosse</strong></span> <span class='ocrx_word' id='word_1_249' title='bbox 1385 2626 1516 2672; x_wconf 80' lang='lat' dir='ltr'><strong>Leid.</strong></span> <span class='ocrx_word' id='word_1_250' title='bbox 1536 2641 1610 2683; x_wconf 77' lang='lat' dir='ltr'><strong>pr.</strong></span> <span class='ocrx_word' id='word_1_251' title='bbox 1628 2641 1683 2670; x_wconf 85' lang='lat' dir='ltr'><strong>m.</strong></span> <span class='ocrx_word' id='word_1_252' title='bbox 1709 2628 1723 2683; x_wconf 91' lang='grc'><strong>11</strong></span> <span class='ocrx_word' id='word_1_253' title='bbox 1748 2630 1834 2670; x_wconf 91' lang='grc'><strong>560</strong></span> 
     </span>
    </p>
   </div>
   <div class='ocr_carea' id='block_1_8' title="bbox 49 2683 1838 2803">
    <p class='ocr_par' dir='ltr' id='par_1_19' title="bbox 49 2683 1838 2803">
     <span class='ocr_line' id='line_1_36' title="bbox 49 2683 1835 2743; baseline -0.001 -13"><span class='ocrx_word' id='word_1_254' title='bbox 49 2708 55 2715; x_wconf 52' lang='grc' dir='ltr'><strong><em>ν</em></strong></span> <span class='ocrx_word' id='word_1_255' title='bbox 147 2685 251 2731; x_wconf 80' lang='lat' dir='ltr'><strong>sitis</strong></span> <span class='ocrx_word' id='word_1_256' title='bbox 270 2684 513 2730; x_wconf 89' lang='lat' dir='ltr'><strong>exhaurire</strong></span> <span class='ocrx_word' id='word_1_257' title='bbox 526 2690 656 2729; x_wconf 77' lang='lat' dir='ltr'><strong>PBH</strong></span> <span class='ocrx_word' id='word_1_258' title='bbox 668 2688 890 2743; x_wconf 86' lang='lat' dir='ltr'><strong>cuperent</strong></span> <span class='ocrx_word' id='word_1_259' title='bbox 903 2685 1091 2730; x_wconf 83' lang='lat' dir='ltr'><strong>haurire</strong></span> <span class='ocrx_word' id='word_1_260' title='bbox 1104 2690 1136 2729; x_wconf 85' lang='lat' dir='ltr'>B</span> <span class='ocrx_word' id='word_1_261' title='bbox 1149 2691 1175 2729; x_wconf 79' lang='grc'><strong>8</strong></span> <span class='ocrx_word' id='word_1_262' title='bbox 1185 2686 1241 2729; x_wconf 69' lang='lat'><strong>(3²</strong></span> <span class='ocrx_word' id='word_1_263' title='bbox 1250 2691 1295 2729; x_wconf 72' lang='grc' dir='ltr'><strong>Μ</strong></span> <span class='ocrx_word' id='word_1_264' title='bbox 1312 2686 1507 2742; x_wconf 84' lang='lat' dir='ltr'><strong>cupiunt</strong></span> <span class='ocrx_word' id='word_1_265' title='bbox 1521 2683 1708 2728; x_wconf 86' lang='lat' dir='ltr'><strong>haurire</strong></span> <span class='ocrx_word' id='word_1_266' title='bbox 1722 2683 1835 2729; x_wconf 79' lang='lat' dir='ltr'><strong>Beh.</strong></span> 
     </span>
     <span class='ocr_line' id='line_1_37' title="bbox 62 2741 1838 2803; baseline -0.002 -15"><span class='ocrx_word' id='word_1_267' title='bbox 62 2795 63 2798; x_wconf 7' lang='grc' dir='ltr'><strong>Ἰ</strong></span> <span class='ocrx_word' id='word_1_268' title='bbox 148 2749 234 2789; x_wconf 75' lang='lat' dir='ltr'><strong>Gm</strong></span> <span class='ocrx_word' id='word_1_269' title='bbox 259 2744 362 2790; x_wconf 85' lang='lat' dir='ltr'><strong>sitis</strong></span> <span class='ocrx_word' id='word_1_270' title='bbox 387 2745 460 2788; x_wconf 81' lang='lat' dir='ltr'><strong>est</strong></span> <span class='ocrx_word' id='word_1_271' title='bbox 481 2743 669 2788; x_wconf 83' lang='lat' dir='ltr'><strong>haurire</strong></span> <span class='ocrx_word' id='word_1_272' title='bbox 686 2745 901 2790; x_wconf 75' lang='lat' dir='ltr'><strong>Menkius</strong></span> <span class='ocrx_word' id='word_1_273' title='bbox 923 2747 939 2803; x_wconf 90' lang='grc'><strong>11</strong></span> <span class='ocrx_word' id='word_1_274' title='bbox 964 2750 1046 2790; x_wconf 90' lang='grc'><strong>561</strong></span> <span class='ocrx_word' id='word_1_275' title='bbox 1067 2743 1264 2800; x_wconf 87' lang='lat' dir='ltr'><strong>flexique</strong></span> <span class='ocrx_word' id='word_1_276' title='bbox 1280 2750 1312 2788; x_wconf 87' lang='lat' dir='ltr'>P</span> <span class='ocrx_word' id='word_1_277' title='bbox 1335 2747 1351 2802; x_wconf 88' lang='grc'><strong>11</strong></span> <span class='ocrx_word' id='word_1_278' title='bbox 1376 2750 1460 2790; x_wconf 89' lang='grc'><strong>566</strong></span> <span class='ocrx_word' id='word_1_279' title='bbox 1480 2747 1621 2798; x_wconf 87' lang='lat' dir='ltr'><strong>Iamq.</strong></span> <span class='ocrx_word' id='word_1_280' title='bbox 1639 2741 1838 2786; x_wconf 81' lang='lat' dir='ltr'><strong>remissa</strong></span> 
     </span>
    </p>
   </div>
   <div class='ocr_carea' id='block_1_9' title="bbox 135 2804 1837 2920">
    <p class='ocr_par' dir='ltr' id='par_1_20' title="bbox 135 2804 1837 2920">
     <span class='ocr_line' id='line_1_38' title="bbox 147 2804 1837 2862; baseline -0.001 -16"><span class='ocrx_word' id='word_1_281' title='bbox 147 2807 180 2846; x_wconf 92' lang='lat' dir='ltr'>P</span> <span class='ocrx_word' id='word_1_282' title='bbox 203 2805 303 2847; x_wconf 85' lang='lat' dir='ltr'><strong>Iam</strong></span> <span class='ocrx_word' id='word_1_283' title='bbox 326 2804 520 2848; x_wconf 82' lang='lat' dir='ltr'><strong>dimissa</strong></span> <span class='ocrx_word' id='word_1_284' title='bbox 542 2804 676 2848; x_wconf 82' lang='lat' dir='ltr'><strong>ceteri</strong></span> <span class='ocrx_word' id='word_1_285' title='bbox 696 2806 712 2859; x_wconf 91' lang='grc'><strong>11</strong></span> <span class='ocrx_word' id='word_1_286' title='bbox 736 2808 821 2849; x_wconf 88' lang='grc'><strong>568</strong></span> <span class='ocrx_word' id='word_1_287' title='bbox 847 2818 986 2862; x_wconf 86' lang='lat' dir='ltr'><strong>super</strong></span> <span class='ocrx_word' id='word_1_288' title='bbox 1009 2817 1155 2859; x_wconf 88' lang='lat' dir='ltr'><strong>usque</strong></span> <span class='ocrx_word' id='word_1_289' title='bbox 1181 2804 1293 2849; x_wconf 86' lang='lat' dir='ltr'><strong>Par.</strong></span> <span class='ocrx_word' id='word_1_290' title='bbox 1320 2807 1444 2849; x_wconf 77' lang='lat'><strong>8053</strong></span> <span class='ocrx_word' id='word_1_291' title='bbox 1470 2808 1496 2845; x_wconf 77' lang='grc'><strong>8</strong></span> <span class='ocrx_word' id='word_1_292' title='bbox 1513 2817 1587 2858; x_wconf 79' lang='lat' dir='ltr'><strong>pr.</strong></span> <span class='ocrx_word' id='word_1_293' title='bbox 1613 2815 1669 2845; x_wconf 88' lang='lat' dir='ltr'><strong>m.</strong></span> <span class='ocrx_word' id='word_1_294' title='bbox 1696 2813 1837 2858; x_wconf 86' lang='lat' dir='ltr'><strong>super</strong></span> 
     </span>
     <span class='ocr_line' id='line_1_39' title="bbox 135 2859 1835 2920; baseline -0.001 -15"><span class='ocrx_word' id='word_1_295' title='bbox 135 2861 249 2918; x_wconf 66' lang='lat' dir='ltr'><strong>dpse</strong></span> <span class='ocrx_word' id='word_1_296' title='bbox 280 2867 312 2905; x_wconf 89' lang='lat' dir='ltr'>P</span> <span class='ocrx_word' id='word_1_297' title='bbox 354 2875 634 2920; x_wconf 89' lang='lat' dir='ltr'><strong>superosque</strong></span> <span class='ocrx_word' id='word_1_298' title='bbox 664 2865 752 2905; x_wconf 76' lang='lat'><strong>131</strong></span> <span class='ocrx_word' id='word_1_299' title='bbox 791 2876 930 2919; x_wconf 85' lang='lat' dir='ltr'><strong>super</strong></span> <span class='ocrx_word' id='word_1_300' title='bbox 969 2876 1110 2918; x_wconf 85' lang='lat' dir='ltr'><strong>asque</strong></span> <span class='ocrx_word' id='word_1_301' title='bbox 1144 2868 1170 2906; x_wconf 76' lang='grc' dir='ltr'><strong><em>Β</em></strong></span> <span class='ocrx_word' id='word_1_302' title='bbox 1209 2876 1290 2909; x_wconf 78' lang='lat' dir='ltr'><strong>see.</strong></span> <span class='ocrx_word' id='word_1_303' title='bbox 1330 2878 1386 2907; x_wconf 87' lang='lat' dir='ltr'><strong>m.</strong></span> <span class='ocrx_word' id='word_1_304' title='bbox 1416 2865 1421 2920; x_wconf 85' lang='grc'>1</span> <span class='ocrx_word' id='word_1_305' title='bbox 1450 2859 1624 2904; x_wconf 87' lang='lat' dir='ltr'><strong>ianitor</strong></span> <span class='ocrx_word' id='word_1_306' title='bbox 1653 2864 1686 2902; x_wconf 91' lang='lat' dir='ltr'>P</span> <span class='ocrx_word' id='word_1_307' title='bbox 1709 2861 1725 2917; x_wconf 93' lang='grc'><strong>11</strong></span> <span class='ocrx_word' id='word_1_308' title='bbox 1748 2864 1835 2905; x_wconf 84' lang='grc'><strong>570</strong></span> 
     </span>
    </p>
   </div>
   <div class='ocr_carea' id='block_1_10' title="bbox 55 2919 1837 2991">
    <p class='ocr_par' dir='ltr' id='par_1_21' title="bbox 55 2919 1837 2991">
     <span class='ocr_line' id='line_1_40' title="bbox 55 2919 1837 2991; baseline 0.001 -27"><span class='ocrx_word' id='word_1_309' title='bbox 55 2985 58 2991; x_wconf 22' lang='lat'><strong>¹</strong></span> <span class='ocrx_word' id='word_1_310' title='bbox 149 2919 405 2978; x_wconf 86' lang='lat' dir='ltr'><strong>dextraque</strong></span> <span class='ocrx_word' id='word_1_311' title='bbox 429 2927 462 2965; x_wconf 92' lang='lat' dir='ltr'>P</span> <span class='ocrx_word' id='word_1_312' title='bbox 485 2924 500 2979; x_wconf 89' lang='grc'><strong>11</strong></span> <span class='ocrx_word' id='word_1_313' title='bbox 525 2926 609 2966; x_wconf 84' lang='grc'><strong>572</strong></span> <span class='ocrx_word' id='word_1_314' title='bbox 642 2919 770 2966; x_wconf 86' lang='lat' dir='ltr'><strong>visae</strong></span> <span class='ocrx_word' id='word_1_315' title='bbox 793 2922 1102 2967; x_wconf 78' lang='lat' dir='ltr'><strong>Baehrensius</strong></span> <span class='ocrx_word' id='word_1_316' title='bbox 1123 2923 1139 2978; x_wconf 91' lang='grc'><strong>11</strong></span> <span class='ocrx_word' id='word_1_317' title='bbox 1164 2926 1250 2967; x_wconf 86' lang='grc'><strong>574</strong></span> <span class='ocrx_word' id='word_1_318' title='bbox 1281 2920 1409 2966; x_wconf 85' lang='lat' dir='ltr'><strong>Pelle</strong></span> <span class='ocrx_word' id='word_1_319' title='bbox 1442 2932 1606 2963; x_wconf 86' lang='lat' dir='ltr'><strong>manus</strong></span> <span class='ocrx_word' id='word_1_320' title='bbox 1631 2919 1837 2965; x_wconf 75' lang='lat' dir='ltr'><strong>Kochius</strong></span> 
     </span>
    </p>
   </div>
  </div>
 </body>
</html>
