2008 3198
624 754 692 817 P.
738 753 1046 815 PAPINII
1094 753 1360 814 STATII

550 884 1433 969 THEBAIDOS

786 1063 1066 1118 LIBER
1121 1063 1187 1118 v.

214 1286 383 1341 Pulsa
422 1287 544 1341 sitis
583 1287 771 1352 fluvio,
805 1287 1178 1371 populataque
1220 1284 1456 1356 gurgitis
1498 1286 1711 1339 alveum

138 1359 377 1431 Agmina
414 1360 735 1431 linquebant
771 1361 919 1430 ripas
960 1378 1282 1430 amnemque
1320 1359 1608 1428 minorem3

140 1433 338 1488 Acrior
377 1437 432 1488 et
471 1453 722 1505 campum
762 1434 978 1518 sonipes
1017 1435 1164 1503 rapit
1203 1437 1258 1487 et
1295 1433 1460 1502 pedes
1501 1451 1633 1487 arva

139 1506 342 1578 Implet
380 1526 573 1577 ovans,
613 1508 817 1562 rediere
857 1508 989 1561 viris
1029 1508 1301 1577 animique
1342 1507 1627 1577 minaeque

139 1581 417 1652 Votaque,
458 1582 769 1652 sanguineis
809 1582 1038 1635 mixtum
1078 1600 1174 1636 ceu
1212 1581 1458 1634 fontibus
1497 1581 1681 1652 ignem
1806 1594 1834 1636 5

138 1654 470 1710 Hausissent
508 1656 637 1710 belli
677 1673 1008 1727 magnasque
1047 1656 1106 1708 in
1144 1655 1355 1726 proelia
1394 1658 1616 1709 mentes,

137 1727 410 1799 Dispositi
448 1730 506 1783 in
543 1733 753 1784 turmas
793 1748 979 1784 rursus
1019 1729 1300 1800 legemque
1341 1728 1515 1783 severi

139 1802 379 1873 Ordinis,
418 1807 479 1858 ut
518 1805 710 1873 cuique
751 1806 876 1857 ante
915 1805 1063 1857 locus
1105 1804 1424 1872 ductorque,
1462 1805 1752 1858 monentur

140 1874 454 1931 Instaurare
493 1878 625 1930 vias.
702 1876 887 1930 Tellus
926 1878 1036 1930 iam
1075 1878 1296 1946 pulvere
1336 1878 1513 1945 primo

142 1947 373 2020 Crescit,
414 1953 470 2003 et
508 1968 780 2004 armorum
819 1951 1201 2004 transmittunt
1239 1950 1457 2019 fulgura
1496 1950 1681 2004 silvae.
1781 1963 1836 2005 1ο

139 2021 336 2086 Qualia
375 2027 528 2077 trans
567 2027 798 2098 pontum
837 2023 1052 2077 Phariis
1094 2024 1314 2077 defensa
1355 2024 1557 2077 serenis

138 2095 326 2151 Rauca
363 2097 691 2152 Paraetonio
733 2095 996 2151 decedunt
1035 2098 1256 2167 agmina
1294 2095 1441 2166 Nilo,

137 2167 275 2224 Cum
314 2171 428 2224 fera
466 2172 620 2241 ponit
657 2171 859 2225 hiems:
900 2172 1026 2225 illae
1067 2172 1320 2242 clangore
1359 2170 1566 2243 fugaci,

135 2242 346 2298 Umbra
383 2245 540 2299 fretis
580 2245 854 2316 arvisque,
893 2245 1104 2315 volant,
1146 2248 1304 2299 sonat
1344 2245 1495 2299 avius
1536 2244 1738 2299 aether.

136 2317 255 2371 Iam
293 2317 511 2372 Borean
551 2320 860 2389 imbresque
899 2320 1030 2389 pati,
1062 2319 1172 2372 iam
1211 2337 1341 2372 nare
1382 2318 1577 2373 solutis
1780 2331 1833 2373 15

138 2390 407 2445 Amnibus
449 2396 503 2445 et
541 2394 685 2446 nudo
725 2394 877 2446 iuvat
917 2393 1182 2446 aestivare
1224 2394 1323 2446 sub
1362 2392 1588 2446 Haemo.

210 2463 316 2518 Hic
354 2484 539 2520 rursus
581 2467 747 2520 simili
783 2485 1069 2535 procerum
1108 2467 1346 2520 vallante
1387 2484 1587 2520 corona

137 2536 260 2590 Dux
300 2538 665 2610 Talaionides,
706 2541 930 2610 antiqua
970 2543 1031 2593 ut
1068 2540 1210 2594 forte
1250 2540 1350 2594 sub
1393 2557 1526 2594 orno

260 2688 282 2726 1
316 2683 464 2727 altum
494 2688 526 2726 P
558 2682 718 2728 aluum
747 2684 957 2728 BG²SM
954 2685 1012 2743 12
1046 2685 1155 2730 Post
1185 2685 1306 2730 hunc
1326 2700 1367 2731 v.
1400 2687 1452 2730 in
1474 2690 1507 2728 P
1539 2686 1657 2729 inter
1688 2683 1834 2729 lineas

137 2741 302 2800 leyitwr
331 2743 440 2788 haec
469 2743 646 2799 ylossa.
683 2742 823 2787 Illum
855 2702 1030 2788 etenim
1066 2742 1206 2788 ardor
1239 2742 1500 2788 sitientium
1532 2742 1791 2787 exsiccatat
1818 2742 1836 2802 ΙΙ

136 2806 163 2846 3
196 2814 326 2845 arma
356 2806 388 2844 P
411 2802 427 2858 ΙΙ
451 2805 477 2845 5
511 2799 757 2858 sanguinei
789 2803 901 2848 Beh.
939 2804 1026 2847 πό
1049 2803 1063 2859 11
1096 2807 1122 2847 8
1154 2804 1375 2848 moner&¹'
1403 2808 1436 2847 P
1467 2806 1481 2859 Η
1516 2807 1566 2846 11
1602 2800 1835 2858 deprensa

134 2864 202 2903 Pb
234 2862 250 2916 ΙΙ
275 2866 329 2905 13
367 2859 496 2917 cogit
525 2865 557 2902 P
599 2862 605 2917 Ι
646 2860 807 2926 sagaci
840 2861 951 2907 Βοὴ.
992 2863 1008 2918 ΙΙ
1049 2866 1104 2906 14
1128 2863 1298 2907 arduus
1333 2862 1584 2907 Muellerus
1631 2859 1832 2904 arcticus

134 2918 444 2965 Baehrensius
466 2922 482 2976 ΙΙ
509 2923 562 2965 18
596 2917 792 2974 antiqua
822 2918 943 2965 forte
977 2921 1079 2975 (om.
1111 2922 1180 2978 ut)
1214 2922 1252 2966 δ
