2028 3190
219 163 328 215 340
805 162 855 206 Ρ.
888 160 1116 206 PAPINII
1148 161 1346 207 STATII

217 283 271 337 N
276 302 336 337 ec
373 283 608 352 reperire
649 282 824 335 virum
865 282 1044 335 densis
1085 286 1248 352 queat
1287 299 1452 352 aegra
1489 282 1764 336 tenebris?

217 357 293 410 Et
331 358 435 409 tibi
473 357 783 410 nimbosum
822 357 1047 426 languet
1086 356 1263 409 iubar:
1305 374 1460 409 exere
1501 374 1700 425 quaeso
1825 371 1914 411 305

220 430 458 498 Cornua,
499 434 552 483 et
593 431 815 483 adsueto
857 430 1081 499 propior
1119 434 1331 498 premat
1372 430 1552 483 orbita
1589 433 1780 484 terras·

218 504 376 557 Hunc
418 523 654 574 quoque,
696 505 788 573 qui
827 522 985 557 curru
1023 504 1267 557 madidas
1306 504 1410 556 tibi
1441 521 1643 573 pronus
1675 504 1914 558 habenas

218 578 408 647 Ducit,
446 580 505 631 in
545 578 753 631 Aonios
793 578 986 648 vigiles
1026 578 1240 631 dimitte
1281 576 1576 647 Soporem?

218 651 328 705 Vix
369 671 453 720 ea,
493 671 615 706 cum
655 653 840 705 scissis
882 669 1140 721 magnum
1179 653 1278 705 dea
1316 652 1551 704 nubibus
1593 651 1780 705 orbem

218 726 480 779 Protulit:
522 744 785 796 expavere
825 727 1073 794 umbrae,
1113 725 1402 796 fulgorque
1440 726 1643 779 recisus
1830 738 1917 779 310

220 799 523 869 Sideribus3
564 801 653 853 vix
691 801 814 869 ipsa
850 800 981 852 tulit
1020 799 1276 853 Saturnia
1315 800 1578 852 flammas,

292 874 535 927 Primam
574 894 670 944 per
709 892 929 943 campos
969 874 1149 926 infuso
1189 874 1391 927 lumine
1430 873 1636 942 pallam

223 947 483 1018 Coniugis
523 949 642 1017 ipsa
682 966 807 1001 suos
847 948 1026 1001 noscit
1064 948 1374 1000 miseranda
1412 947 1647 1015 labores,

221 1023 564 1091 Quamquam
603 1025 755 1075 texta
794 1023 971 1075 latent
1011 1022 1319 1091 suffusaque
1361 1021 1627 1091 sanguine
1665 1022 1870 1072 maeret

220 1096 492 1165 Purpura3
535 1096 768 1165 dumque
809 1096 937 1149 deos
977 1098 1136 1148 vocat
1177 1098 1230 1147 et
1271 1095 1335 1148 de
1375 1095 1563 1147 funere
1603 1111 1727 1147 caro
1827 1106 1915 1147 315

218 1169 340 1223 Hoc
381 1188 660 1239 superesse
700 1172 884 1238 putat,
923 1169 1072 1222 videt
1108 1169 1288 1238 ipsum
1327 1170 1385 1221 in
1424 1169 1645 1237 pulvere
1683 1184 1855 1236 paene

221 1242 519 1298 Calcatum.
596 1243 809 1313 Fugere
850 1244 1062 1295 animus
1103 1244 1357 1312 visusque
1399 1259 1693 1310 sonusque,

217 1317 550 1387 Inclusitque
592 1318 747 1370 dolor
785 1317 1058 1382 lacrimas;
1098 1320 1215 1369 tum
1255 1333 1478 1386 corpore
1517 1319 1638 1368 toto

221 1390 491 1445 Sternitur
528 1392 586 1443 in
624 1392 805 1444 vultus
847 1392 1191 1459 animumque
1230 1409 1327 1460 per
1368 1389 1556 1443 oscula
1595 1387 1808 1458 quaerit

218 1464 544 1535 Absentem,
583 1483 937 1534 pressumque
978 1466 1147 1517 comis
1189 1483 1251 1517 ac
1290 1466 1440 1517 veste
1481 1480 1726 1516 cruorem
1828 1474 1915 1514 320

226 1539 521 1593 Servatura
560 1540 711 1608 legit.
787 1539 916 1591 Mox
955 1539 1171 1591 tandem
1210 1556 1342 1591 voce
1381 1555 1622 1590 reversa:

222 1613 410 1666 ‘Hunc
451 1631 551 1683 ego
591 1617 667 1681 te,
708 1614 963 1681 coniunX,
1004 1612 1072 1665 ad
1112 1612 1295 1664 debita
1333 1628 1502 1681 regna
1539 1609 1845 1679 profectum

221 1688 518 1740 Ductorem
558 1687 692 1739 belli
732 1703 1096 1755 generumque
1135 1686 1379 1755 potentis
1419 1683 1645 1737 Adrasti

219 1761 467 1831 Aspicio,
506 1761 737 1830 talisque
777 1761 886 1813 tuis
929 1778 1149 1813 occurro
1190 1757 1520 1828 triumphis?

220 1835 342 1888 Huc
384 1835 576 1888 attolle
617 1852 784 1904 genas
825 1834 1141 1903 defectaque
1180 1833 1407 1886 lumina:
1447 1831 1595 1884 venit
1807 1841 1917 1900 ‘325

221 1910 307 1962 Ad
346 1909 561 1962 Thebas
603 1910 774 1978 Argia
814 1913 960 1977 tuas3
1002 1925 1125 1977 age,
1166 1908 1448 1960 moenibus
1487 1905 1648 1958 induc

219 1983 295 2036 Et
334 1984 541 2051 patrios
583 1983 808 2035 ostende
847 1982 986 2034 lares
1029 1986 1083 2034 et
1123 1985 1311 2034 mutua
1349 1980 1509 2033 redde

222 2057 492 2125 Hospitia.
570 2056 692 2108 Heu
734 2056 861 2126 quid
905 2055 1047 2124 ago‘?
1088 2056 1359 2123 proiectus
1401 2053 1637 2122 caespite
1675 2051 1819 2105 nudo

222 2131 341 2183 Hoc
380 2131 593 2199 patriae
632 2130 844 2182 telluris
884 2129 1092 2181 habes?
1134 2147 1267 2196 quae
1308 2126 1520 2196 iurgia?
1562 2129 1706 2178 certe

222 2204 519 2271 Imperium
557 2222 667 2255 non
704 2203 873 2255 frater
911 2203 1099 2255 habet!
1137 2202 1386 2253 nullasne
1425 2204 1644 2252 tuorum
1744 2200 1750 2207 '
1833 2211 1919 2252 330

226 2276 450 2329 Movisti
490 2276 780 2329 lacrimas?
821 2276 915 2328 ubi
953 2275 1164 2327 mater?
1203 2274 1298 2326 ubi
1337 2274 1526 2327 inclita
1564 2273 1713 2325 fama

223 2349 539 2419 Antigone?
581 2350 716 2401 mihi
756 2367 950 2417 nempe
990 2349 1157 2417 iaceS,
1197 2347 1333 2400 mihi
1373 2348 1548 2400 victus
1588 2365 1645 2400 es
1686 2346 1803 2399 uni!

227 2424 517 2477 Dicebam.
575 2422 718 2485 Quo
760 2423 938 2475 tendis
978 2423 1120 2475 itei‘?
1163 2422 1290 2491 quid
1332 2425 1546 2492 sceptra
1584 2424 1788 2491 negata

224 2497 449 2551 Poscis?
490 2497 660 2549 habes
701 2496 907 2567 ArgOS,
949 2497 1118 2549 soceri
1158 2496 1412 2566 regnabis
1453 2497 1509 2547 in
1550 2495 1696 2564 aula,

345 2647 431 2687 306
462 2641 676 2698 proprior
706 2647 738 2683 P
762 2643 776 2698 ΙΙ
802 2647 886 2685 307
929 2656 1113 2685 0111111111
1144 2646 1220 2684 PG
1244 2643 1259 2697 ΙΙ
1284 2645 1369 2685 308
1404 2640 1566 2684 aonias
1597 2645 1630 2683 P
1657 2642 1663 2696 1
1692 2638 1918 2683 dimittite

224 2707 256 2744 P
280 2703 295 2758 ΙΙ
320 2707 404 2746 309
446 2701 503 2744 de
542 2700 741 2744 nubibus
774 2706 838 2743 Pe
872 2703 887 2756 ΙΙ
919 2706 1005 2745 310
1044 2700 1217 2744 recisos
1249 2705 1280 2742 P
1313 2701 1496 2743 retusus
1530 2700 1754 2743 Heinsius
1783 2699 1799 2755 ΙΙ
1831 2702 1918 2743 312

224 2760 431 2804 Primam
455 2764 537 2802 PH
569 2761 610 2803 Ι
614 2761 698 2805 ewl
732 2764 766 2802 G
799 2774 853 2803 m.
874 2775 947 2816 pr.
981 2759 1185 2816 primum
1215 2758 1370 2802 Bam
1392 2760 1406 2814 ΙΙ
1431 2763 1516 2802 315
1551 2771 1658 2802 suos
1689 2758 1830 2802 vocat
1859 2758 1918 2823 ΡΗ

226 2825 312 2863 316
345 2832 524 2875 poenae
562 2824 630 2862 ΡΒ
660 2822 675 2875 ΙΙ
706 2823 791 2862 318
825 2819 924 2875 tum
962 2824 1071 2862 Ps'r
1102 2821 1213 2862 tunc
1244 2818 1399 2861 BG2M
1430 2821 1445 2875 ΙΙ
1477 2822 1561 2861 329
1595 2830 1713 2872 quae
1746 2814 1919 2861 iniuria

228 2880 495 2923 Ixoestlinus
