2008 3198
690 160 1034 207 THEBAIDOS
1064 160 1176 205 LIB.
1209 160 1241 205 I.
1785 159 1813 212 7

129 285 309 338 Exilio
349 288 557 338 mutare
596 284 801 337 ducem.
877 282 965 337 Sic
1001 283 1116 336 iure
1155 282 1394 352 maligno

130 358 422 413 Fortunam
460 358 691 411 transire
729 358 940 427 iubent,
978 360 1040 410 ut
1080 360 1292 425 sceptra
1329 358 1604 409 tenentem
1736 369 1820 408 140

127 432 364 486 Foedere
403 433 687 502 praecipiti
726 449 935 500 semper
972 449 1144 484 novus
1186 433 1411 500 angeret
1447 430 1617 483 heres,

129 505 281 560 Haec
319 507 462 560 inter
498 507 694 559 fratres
733 506 907 575 pietas
949 507 1086 574 erat,
1123 504 1260 557 haec
1297 522 1450 557 mora
1476 520 1701 574 pugnae

129 579 262 634 Sola
298 599 398 634 nec
434 581 492 634 in
529 598 714 651 regem
752 579 1108 648 perduratura
1147 578 1455 631 secundum.

129 654 206 707 Et
242 655 481 708 nondum
519 672 704 707 crasso
743 653 1021 722 laquearia
1059 652 1208 706 fulva
1246 652 1493 720 metal10,

132 728 411 782 Montibus
451 732 545 782 aut
585 729 692 780 alte
731 726 889 780 Grais
931 726 1118 780 effulta
1156 726 1407 779 nitebant
1738 738 1822 777 145

133 802 315 869 Atria,
356 804 643 873 congestos
684 801 819 855 satis
859 801 1180 869 explicitura
1219 800 1464 869 clientes3

130 874 261 929 Non
296 876 581 945 impacatis
620 893 811 945 regum
852 875 1208 944 advigilantia
1247 874 1451 927 somnis

131 949 278 1019 Pila,
313 968 414 1003 nec
453 950 662 1003 alterna
700 950 830 1002 ferri
870 950 1100 1002 statione
1141 952 1418 1018 gementes

90 1053 95 1058 ·
129 1023 430 1094 Excubiae,
467 1042 566 1077 nec
605 1042 733 1077 cura
772 1041 919 1076 mero
960 1024 1297 1076 committere
1337 1039 1578 1092 gemmas

130 1096 312 1167 Atque
353 1117 542 1151 aurum
580 1098 783 1152 violare
823 1097 980 1150 cibis.
1021 1098 1113 1150 sed
1152 1096 1295 1149 nuda
1333 1099 1578 1165 potestas
1742 1109 1826 1149 150

130 1171 388 1226 Armavit
425 1171 644 1242 fratreS,
683 1189 869 1243 pugna
908 1174 991 1225 est
1030 1171 1094 1224 de
1133 1188 1368 1240 paupere
1408 1186 1592 1238 regno.

132 1246 382 1316 Dumque
420 1249 542 1300 uter
582 1249 848 1315 angustae
888 1246 1192 1316 squalentia
1230 1245 1418 1314 iugera
1455 1242 1646 1297 Dirces

134 1319 389 1373 Verteret
429 1325 523 1373 aut
562 1319 712 1390 Tyrii
753 1320 890 1374 solio
931 1338 1042 1373 non
1082 1319 1227 1372 altus
1267 1321 1456 1372 ovaret

134 1393 325 1446 Exulis
365 1394 682 1461 ambigitur,
721 1394 884 1462 periit
922 1394 1005 1446 ius
1045 1393 1232 1461 fasque
1271 1393 1579 1461 bonumque

131 1466 210 1520 Et
248 1467 392 1519 vitae
431 1468 730 1536 mortisque
769 1467 958 1537 pudor.
1013 1466 1131 1529 Quo
1170 1466 1393 1519 tenditis
1432 1466 1563 1534 iraS,
1741 1477 1825 1517 155

136 1541 187 1592 A
226 1540 449 1593 miseri?
500 1540 639 1603 Quid
679 1541 726 1593 si
763 1543 1039 1610 peteretur
1078 1540 1300 1594 crimine
1339 1542 1492 1593 tanto

134 1613 312 1667 Limes
351 1618 577 1684 uterque
615 1615 755 1684 poli,
795 1633 954 1684 quem
994 1613 1085 1667 Sol
1126 1615 1352 1667 emissus
1391 1613 1510 1666 Eoo

134 1685 392 1758 Cardine,
431 1706 590 1758 quem
630 1691 792 1757 portu
831 1705 1061 1757 vergens
1100 1690 1411 1757 prospectat
1448 1686 1679 1755 HiberO,

133 1761 390 1831 Quasque
430 1763 617 1831 procul
655 1766 830 1815 terras
871 1762 1092 1832 obliquo
1132 1762 1305 1815 sidere
1344 1762 1526 1831 tangit

137 1835 307 1888 Avius
349 1839 445 1889 aut
483 1835 661 1890 Borea
701 1836 904 1906 gelidas
945 1836 1215 1890 madidive
1253 1839 1500 1904 tepentes
1657 1844 1662 1846 “
1743 1847 1828 1887 160

135 1909 268 1978 Igne
306 1908 473 1965 Noti?
552 1909 691 1972 Quid
731 1910 776 1962 si
814 1909 1085 1979 Phrygiae
1125 1910 1422 1979 Tyriaeque
1463 1908 1562 1962 sub
1603 1927 1769 1961 unum

138 1981 536 2037 Convectentur
575 1983 745 2052 opes‘?
794 1983 938 2037 Loca
977 1984 1095 2036 dira
1135 2001 1389 2052 arcesque
1428 1981 1696 2035 nefandae

138 2054 404 2112 Suffecere
445 2057 592 2127 odio,
631 2057 893 2127 furiisque
932 2057 1260 2110 immanibus
1301 2059 1541 2126 emptum

259 2222 343 2262 149
370 2231 466 2273 sqq.
503 2217 719 2261 ‘necdum
751 2230 934 2261 cura—
952 2217 1116 2273 regno'
1153 2216 1325 2261 schol.
1347 2216 1546 2261 Lucan.
1574 2216 1595 2260 I
1623 2221 1679 2261 96
1704 2230 1747 2272 p.
1774 2220 1829 2259 22

137 2275 212 2320 W.
232 2302 287 2309 —
308 2281 390 2321 152
410 2291 476 2333 sq.
506 2276 728 2332 ‘dumque
755 2302 810 2309 —
835 2278 1062 2320 verteret'
1093 2276 1266 2320 schol.
1293 2275 1438 2321 Theb.
1463 2275 1507 2320 II
1530 2280 1616 2321 433
1641 2290 1685 2333 p.
1707 2280 1760 2321 67
1780 2274 1830 2318 L.

262 2414 347 2452 144
384 2409 514 2453 fulva
552 2410 755 2463 PBbpc¹
794 2410 920 2455 Dan.
962 2422 1002 2454 π
1045 2409 1176 2466 Lips.
1218 2408 1340 2453 fulta
1370 2408 1457 2451 '1⁸02
1487 2409 1598 2453 Beh.
1630 2423 1673 2451 m
1704 2407 1832 2451 culta

143 2467 413 2513 Gebhardus
450 2470 466 2525 ΙΙ
507 2473 590 2512 145
638 2467 866 2513 Gentibus
913 2469 1223 2513 Baehrensius
1260 2469 1267 2525 Ι
1306 2466 1476 2512 effossa
1522 2466 1787 2524 Koestlioms
1818 2469 1831 2516 ΙΙ

144 2531 230 2571 153
262 2540 356 2570 non
388 2528 519 2571 actus
550 2527 861 2573 Baehrensius
883 2530 899 2584 ΙΙ
924 2532 1009 2572 154
1043 2526 1169 2583 perit
1198 2532 1263 2570 Pr
1286 2529 1301 2585 ΙΙ
1327 2531 1410 2571 155
1443 2526 1542 2571 iiae
1574 2525 1831 2570 Lachman-

138 2599 230 2630 nus
259 2588 275 2643 ΙΙ
309 2590 390 2630 157
434 2586 505 2630 sol
542 2599 746 2631 emersus
786 2587 847 2632 N.
881 2587 1106 2631 Heinsius
1136 2588 1151 2643 ΙΙ
1184 2590 1269 2630 158
1300 2587 1440 2643 porta
1470 2600 1511 2629 v
1545 2600 1589 2642 p.
1624 2585 1760 2628 lbera
1794 2598 1833 2628 π

146 2643 372 2690 Gruterus
401 2645 415 2701 ΙΙ
449 2649 534 2689 160
564 2645 661 2689 Aut
690 2646 829 2690 notus
862 2647 944 2690 aut
973 2645 1113 2689 boree
1144 2649 1177 2687 P
1204 2647 1223 2702 {1
1256 2650 1338 2690 161
1370 2658 1465 2689 non
1498 2643 1629 2701 (quid
1660 2657 1741 2687 sec.
1775 2657 1832 2686 m.

139 2717 358 2760 supvmascq
361 2706 390 2760 .)
424 2702 465 2746 si
494 2703 723 2761 phrygiae
754 2705 946 2761 tyriaeq.
987 2709 1020 2746 P
1058 2703 1245 2761 phrigia
1283 2702 1497 2770 tyrieque
1539 2708 1573 2745 G
1603 2702 1721 2759 phry
1725 2700 1832 2758 giae

141 2761 349 2819 tyriaeve
377 2766 467 2805 -Bs
514 2763 625 2808 Βοὴ.
665 2769 698 2807 'l'
734 2763 950 2821 phrigias
997 2762 1207 2819 tyriaeve
1256 2778 1279 2807 ο
1317 2761 1488 2820 frigiae
1526 2760 1721 2805 tiriaeve
1761 2764 1834 2803 rH

143 2821 295 2877 tyriae
326 2820 613 2878 phrygiaeve
648 2837 686 2866 π
710 2822 838 2868 Dan.
867 2823 1024 2868 Petav.
1058 2823 1156 2867 edd.
1188 2827 1289 2867 vett.
1315 2821 1467 2877 tyriae
1491 2821 1744 2877 prygiaeve
1769 2834 1795 2874 p
1820 2820 1835 2876 l

150 2884 231 2924 162
264 2880 605 2925 Converrentur
638 2880 698 2924 F.
732 2882 921 2927 Modius
955 2880 1285 2926 Conferrentur
1315 2880 1626 2925 Baehrensms
