2072 3216
774 197 1115 243 THEBAIDOS
1146 199 1259 244 LIB.
1292 197 1369 243 VI.
1806 194 1914 250 165

225 318 314 374 Sic
352 320 446 373 ubi
484 320 780 390 tranquillo
820 320 1102 389 perlucent
1142 319 1320 373 sidera
1357 324 1527 390 ponto

223 392 591 463 Vibraturque
630 394 788 447 fretis
827 394 963 447 caeli
1002 393 1273 447 stellantis
1313 394 1497 465 imago
1505 436 1520 464 ‚

4 472 24 515 fl
99 476 194 520 580
225 466 422 522 Omnia
460 469 606 522 clara
643 468 841 536 nitent,
881 467 975 521 sed
1015 467 1211 521 clarior
1250 468 1435 522 omnia
1475 486 1639 538 supra

221 540 496 611 Hesperos
538 546 776 596 exsertat
813 542 996 595 radios
1005 583 1020 611 ‚
1059 545 1399 611 quantusque
1438 561 1536 612 per
1577 543 1748 596 altum

223 615 487 678 Aethera,
527 616 785 670 caeruleis
824 618 1011 668 tantus
1051 619 1387 669 monstratur
1425 617 1482 669 in
1522 617 1694 671 undis,
1824 629 1913 671 560

221 688 508 744 Proximus
549 695 604 744 et
641 690 818 743 forma
855 707 954 744 nec
993 690 1225 743 multum
1265 691 1483 761 segnior
1521 690 1647 744 Idas

223 761 482 817 Cursibus
523 767 684 834 atque
725 782 856 818 aevo
893 765 1047 817 iuxta
1085 764 1257 833 prior3
1298 767 1540 818 attamen
1580 765 1662 817 illi

7 833 15 838 ’
99 847 192 890 585
223 838 341 892 Iam
377 842 593 892 tenuem
631 838 862 908 pingues
900 839 1088 892 florem
1126 838 1385 892 induxere
1423 839 1749 909 palaestrae,

222 912 580 982 Deserpitque
620 913 775 983 genis
813 930 911 966 nec
951 931 1007 966 se
1047 913 1250 983 lanugo
1289 912 1493 966 fatetur

222 985 479 1039 Intonsae
521 987 620 1040 sub
659 986 802 1039 nube
843 1004 1040 1041 comae.
1119 986 1270 1039 Tunc
1308 987 1412 1040 rite
1452 988 1649 1041 citatos
1830 999 1916 1042 565

221 1060 526 1130 Explorant
565 1063 867 1131 acuuntque
907 1061 1104 1130 gradus
1114 1102 1128 1129 ‚
1168 1061 1450 1132 variasque
1490 1080 1586 1132 per
1626 1065 1772 1115 artes

220 1133 594 1187 Exstimulant
633 1135 791 1188 docto
830 1135 1148 1205 languentia
1187 1136 1431 1189 membra
1469 1136 1731 1189 tumultu:

12 1255 16 1260 ,
103 1218 194 1260 590
224 1207 439 1277 Poplite
477 1227 619 1262 nunc
661 1209 843 1262 sidunt
882 1209 1042 1275 flexo,
1080 1228 1223 1263 nunc
1263 1210 1473 1264 lubrica
1510 1210 1643 1264 forti

227 1281 452 1335 Pectora
490 1283 774 1336 conlidunt
811 1283 1029 1352 plausu,
1067 1301 1210 1336 nunc
1250 1284 1413 1355 ignea
1450 1285 1657 1338 tollunt

226 1352 398 1408 Crura
435 1356 760 1425 brevemque
799 1357 984 1426 fugam
1023 1357 1286 1426 necopino
1326 1359 1430 1411 fine
1469 1361 1752 1427 reponunt.
1829 1370 1916 1412 570

298 1428 378 1482 Ut
414 1430 525 1481 ruit
563 1434 724 1499 atque
763 1448 992 1498 aequum
1033 1431 1285 1484 submisit
1322 1433 1512 1502 regula
1549 1432 1739 1502 limen,

229 1499 551 1571 Corripuere
590 1504 737 1556 leves
779 1504 1040 1572 spatium,
1080 1523 1378 1574 campoque
1415 1505 1631 1559 refulsit

107 1587 198 1631 595
228 1574 391 1629 Nuda
430 1576 645 1630 cohors:
685 1578 928 1631 volucres
968 1578 1139 1631 isdem
1179 1580 1338 1632 modo
1378 1580 1585 1632 tardius
1626 1579 1768 1633 arvis

226 1648 342 1703 Isse
382 1650 632 1704 videntur
672 1652 816 1721 equi3
857 1651 1042 1705 credas
1083 1671 1109 1704 e
1148 1653 1306 1721 plebe
1347 1651 1634 1722 Cydonum

224 1722 657 1794 Parthorumque
696 1725 829 1795 fuga
867 1726 1097 1779 totidem
1138 1727 1419 1780 exsiluisse
1461 1729 1709 1799 sagittas.
1831 1741 1916 1783 575

226 1796 352 1851 Non
393 1799 550 1851 aliter
589 1800 789 1852 celeres
829 1798 1088 1868 Hyrcana
1127 1819 1224 1869 per
1265 1802 1385 1854 avia
1425 1802 1591 1871 cervi,

227 1868 363 1924 Cum
403 1873 592 1940 procul
631 1873 835 1941 inpasti
874 1873 1151 1926 fremitum
1192 1892 1440 1943 accepere
1480 1875 1657 1929 leonis

107 1955 199 1999 600
232 1942 356 1997 Sive
395 1948 614 2014 putant,
652 1946 797 2015 rapit
836 1946 1100 2000 attonitos
1139 1947 1272 2017 fuga
1312 1966 1471 2002 caeca
1509 1952 1790 2018 metusque

226 2016 561 2090 Congregat,
601 2022 656 2072 et
693 2021 919 2090 longum
959 2020 1089 2073 dant
1127 2039 1329 2074 cornua
1367 2022 1542 2075 mixta
1578 2022 1866 2094 fragorem.

224 2091 435 2163 Effugit
474 2093 561 2147 hic
602 2093 786 2147 oculos
826 2093 1014 2163 rapida
1052 2113 1186 2163 puer
1225 2097 1371 2149 ocior
1412 2114 1544 2149 aura
1828 2111 1914 2152 580

225 2165 549 2235 Maenalius,
589 2186 750 2237 quem
788 2168 976 2222 deinde
1016 2170 1186 2237 gradu
1227 2170 1428 2239 premit
1466 2170 1716 2223 horridus
1757 2170 1880 2225 Idas

225 2240 569 2311 Inspiratque
609 2260 816 2311 umer0,
854 2242 1094 2312 flatuque
1135 2247 1188 2296 et
1225 2244 1460 2314 pectoris
1499 2245 1694 2298 umbra

107 2323 196 2368 605
228 2313 406 2384 Terga
445 2316 655 2385 premit.
732 2316 868 2370 Post
908 2317 1163 2387 ambiguo
1205 2318 1514 2371 discrimine
1552 2318 1783 2372 tendunt

226 2385 553 2442 Phaedimus
594 2392 755 2459 atque
795 2389 1021 2459 DymaS,
1061 2392 1170 2444 illis
1212 2392 1352 2445 celer
1390 2392 1638 2445 imminet
1676 2393 1867 2446 Alcon.

227 2461 426 2515 Flavus
467 2462 534 2515 ab
574 2463 791 2516 intonso
831 2463 1103 2533 pendebat
1141 2465 1340 2519 vertice
1381 2465 1543 2519 crinis
1828 2479 1913 2519 585

348 2610 432 2651 585
451 2620 517 2661 sq.
546 2606 594 2650 ‘a
617 2607 789 2652 vertice
810 2635 862 2641 -
883 2609 1110 2653 Arcados’
1140 2610 1309 2655 schol.
1328 2610 1470 2655 Theb.
1495 2610 1554 2654 VI
1579 2616 1663 2656 603
1688 2627 1732 2667 p.
1759 2615 1845 2654 223
1863 2610 1912 2656 L.

345 2744 430 2784 557
474 2738 699 2783 stillantis
731 2745 764 2783 P
794 2744 810 2798 ΙΙ
841 2746 927 2787 559
966 2743 1173 2786 exsertat
1205 2742 1485 2788 Schraderus
1524 2744 1707 2787 exercet
1739 2742 1865 2787 codd.
1899 2745 1911 2798 Η

226 2802 314 2843 567
352 2796 656 2843 Instimulant
679 2799 788 2842 (3²11
811 2803 826 2857 ΙΙ
850 2805 934 2845 573
967 2801 1151 2845 hisdem
1174 2805 1286 2844 Phr
1308 2804 1324 2858 ΙΙ
1348 2807 1432 2846 577
1473 2802 1562 2845 Seu
1594 2802 1661 2845 vel
1694 2800 1741 2844 Si
1771 2801 1911 2846 Bent-

227 2857 340 2902 leius
366 2862 372 2911 Ι
399 2856 577 2914 inpasti
601 2862 679 2899 PG
710 2857 874 2903 infasti
906 2860 963 2902 (32
995 2859 1190 2904 infausti
1214 2863 1301 2903 Bu
1333 2860 1491 2904 infesti
1526 2863 1569 2916 (e
1602 2873 1656 2903 ex
1689 2873 1748 2904 au
1779 2863 1912 2916 corr.)

223 2918 252 2957 b
274 2917 291 2971 Ι]
314 2919 399 2960 582
430 2916 732 2973 Insperatque
762 2921 795 2959 P
