2028 3190
684 163 1026 210 THEBAlDos
1057 164 1167 209 LIB.
1199 165 1255 209 X.
1707 163 1813 215 271

129 285 414 341 Secubitus
453 285 635 339 vacuis
674 285 1046 355 indignaretur
1083 285 1141 338 in
1181 285 1359 338 astris.

126 359 276 430 Ergo
315 361 644 430 intempesta
683 360 859 412 somni
898 359 1178 412 dulcedine
1217 361 1403 428 captos
1440 419 1443 422 ,

125 434 382 488 Destinat
419 434 625 488 Aonios
664 434 775 486 leto
815 433 1093 503 praebere,
1135 451 1392 502 suamque
1756 445 1815 485 80

127 508 364 562 Orbibus
405 507 615 578 accingi
654 507 832 560 solitis
871 507 1023 559 iubet
1059 506 1174 559 Irin
1213 510 1268 559 et
1307 524 1463 559 omne

126 581 354 634 Mandat
392 600 546 650 OPUS.
621 580 783 633 Paret
820 580 982 634 iussis
1022 581 1122 634 dea
1161 581 1307 633 clara
1343 581 1634 649 polumque

125 655 348 725 Linquit
388 660 442 708 et
479 658 537 708 in
574 657 747 707 terras
786 655 951 725 longo
993 654 1338 724 suspenditur
1377 672 1518 707 arcu.

201 728 322 783 Stat
361 747 521 798 super
559 728 810 782 occiduae
848 729 1112 781 nebulosa
1152 728 1352 780 cubilia
1388 728 1563 781 noctis

125 802 531 872 Aethiopasque
572 803 731 869 alios,
770 803 907 854 nulli
945 802 1297 870 penetrabilis
1339 805 1508 870 astro,
1755 813 1813 854 85

122 876 299 930 Lucus
340 877 507 946 iners,
548 877 839 945 subterque
880 876 1024 929 cavis
1067 894 1230 946 grave
1268 875 1493 944 rupibus
1534 877 1749 928 antrum

124 949 178 1003 It
215 968 443 1003 vacuum
483 951 541 1003 in
580 954 844 1019 montem,
883 969 988 1020 qua
1028 950 1226 1002 desidis
1267 950 1407 1002 atria
1447 948 1635 1002 Somni

126 1023 489 1093 Securumque
526 1025 697 1077 larem
738 1024 919 1092 segnis
958 1023 1171 1077 Natura
1208 1024 1423 1076 locavit.

121 1096 314 1150 Limen
352 1115 522 1167 opaca
562 1097 723 1159 Quies
765 1102 820 1150 et
857 1098 1016 1166 pigra
1055 1096 1271 1151 Oblivio
1314 1100 1531 1150 servant

118 1171 194 1224 Et
231 1190 528 1240 numquam
567 1171 727 1240 vigili
764 1174 988 1240 torpens
1026 1171 1255 1242 Ignavia
1292 1171 1462 1224 vultu,
1753 1184 1811 1224 90

120 1245 246 1298 Otia
283 1245 554 1298 vestibulo
595 1245 903 1315 pressisque
945 1243 1174 1299 Silentia
1212 1245 1394 1314 pinnis

117 1317 272 1372 Muta
312 1319 499 1371 sedent
538 1319 871 1389 abiguntque
911 1322 1090 1372 truces
1130 1338 1161 1371 a
1201 1319 1431 1371 culmine
1471 1321 1660 1371 ventos

117 1391 194 1444 Et
230 1410 413 1445 ramos
454 1410 631 1444 errare
671 1395 862 1445 vetant
900 1395 954 1444 et
994 1411 1270 1445 murmura
1310 1391 1532 1444 demunt

120 1465 377 1518 Alitibus.
452 1465 582 1519 Non
618 1465 708 1518 hic
746 1466 952 1536 pelagi,
990 1466 1120 1518 licet
1161 1466 1342 1519 omnia
1382 1466 1618 1518 clament

119 1538 329 1608 Litora,
366 1557 478 1592 non
515 1539 657 1591 ullus
699 1539 834 1592 caeli
873 1540 1081 1608 fragor3
1119 1539 1234 1608 ipse
1273 1538 1554 1622 profundis
1750 1553 1809 1592 95

117 1611 369 1666 Vallibus
410 1612 672 1683 effugiens
714 1614 1000 1681 speluncae
1039 1613 1316 1682 proximus
1357 1613 1530 1665 amnis

118 1684 259 1739 Saxa
296 1686 439 1739 inter
478 1689 836 1756 scopulosque
875 1687 1037 1740 iacet:
1075 1686 1355 1757 nigrantia
1394 1686 1593 1739 circum

112 1759 398 1829 Armenta,
438 1778 595 1812 omne
634 1761 750 1813 solo
790 1761 1014 1814 recubat
1051 1779 1236 1829 pecuS,
1285 1764 1339 1813 et
1381 1778 1523 1813 nova
1562 1764 1806 1814 marcent

116 1832 395 1902 Gramina,
433 1837 807 1903 terrarumque
846 1834 1072 1887 inclinat
1111 1834 1332 1902 spiritus
1370 1834 1583 1887 herbas.

114 1905 267 1958 Mille
306 1907 453 1959 intus
495 1907 781 1960 simulacra
820 1907 907 1960 dei
946 1908 1252 1960 caelaverat
1291 1907 1486 1960 ardens
1683 1917 1685 1919 ’
1722 1921 1805 1961 100

114 1979 404 2033 Mulciber:
442 1979 531 2033 hic
570 1980 758 2033 haeret
796 1980 953 2033 lateri
993 1981 1246 2034 redimita
1283 1979 1551 2048 Voluptas
1562 2022 1575 2048 ,

111 2052 215 2106 Hic
255 2072 433 2107 comes
467 2053 524 2106 in
555 2054 795 2123 requiem
826 2071 1055 2124 vergens
1088 2053 1287 2122 Labor3
1329 2057 1412 2107 est
1444 2054 1538 2107 ubi
1569 2053 1803 2123 BacchO,

232 2173 287 2214 78
330 2168 578 2213 Secubitus
610 2174 642 2211 P
683 2168 970 2213 Concubitus
1006 2171 1138 2215 ceteri
1160 2171 1176 2226 ΙΙ
1200 2174 1257 2214 84
1279 2182 1370 2226 sqq.
1414 2169 1482 2226 Cf.
1522 2170 1650 2214 Ovid.
1686 2170 1801 2214 Met.

110 2227 196 2272 XI
228 2231 320 2273 592
341 2242 433 2285 sqq.
474 2230 491 2285 ΙΙ
528 2232 584 2272 89
626 2227 805 2273 oblivia
844 2230 970 2273 codd.
1004 2230 1120 2282 edd„
1152 2243 1264 2274 corr.
1299 2228 1670 2295 Lindenbroyius
1699 2229 1715 2287 ΙΙ
1746 2232 1802 2272 95

108 2285 234 2330 ullus
273 2291 356 2343 Ρφ
389 2287 615 2331 Heinsius
652 2301 675 2332 e
715 2289 840 2354 codd.
890 2287 990 2332 illic
1029 2286 1183 2331 BG²M
1220 2290 1236 2345 ΙΙ
1274 2292 1330 2332 97
1378 2286 1502 2332 iacet
1531 2291 1609 2331 PG
1643 2288 1800 2332 Petav.

110 2346 240 2389 tacet
268 2344 423 2388 Bwu
461 2347 595 2389 tenet
624 2361 651 2400 p
679 2348 685 2403 Ι
714 2345 888 2390 circum
920 2351 1089 2390 Pom*
1121 2346 1246 2391 circa
1276 2346 1429 2389 BG2M
1451 2348 1467 2404 ss
1491 2351 1546 2391 99
1579 2345 1803 2390 Gramina

110 2403 252 2448 Behh.
287 2409 320 2446 Τ
352 2404 460 2448 Ald.
492 2405 720 2450 Barthius
752 2403 974 2450 Germina
1004 2410 1133 2450 PBH
1155 2408 1171 2464 ΙΙ
1193 2420 1260 2451 vv.
1307 2410 1536 2450 100—105
1576 2407 1628 2450 in
1659 2410 1692 2447 P
1722 2419 1797 2461 pr.

106 2476 163 2506 m.
204 2463 368 2518 scripti
410 2463 641 2519 leywntur,
682 2465 741 2509 al.
781 2479 838 2509 m.
880 2466 1048 2510 adscr:
1095 2463 1147 2508 hi
1186 2478 1347 2509 versus
1387 2463 1437 2507 in
1474 2463 1666 2520 reliquis
1705 2477 1800 2507 non

105 2520 351 2565 habentur.
404 2520 595 2567 Primus
624 2523 677 2566 in
709 2523 848 2568 lucem
868 2525 1067 2580 protulit
1090 2523 1463 2579 Lindenbroyius
1485 2525 1538 2568 in
1561 2525 1794 2568 observati.

105 2581 278 2625 variar.
322 2581 436 2624 lectt.
469 2594 519 2637 p.
559 2584 664 2626 490.
710 2580 968 2627 Gronovius
1014 2596 1060 2627 se
1097 2596 1169 2627 eos
1206 2585 1259 2627 in
1296 2596 1375 2627 sex
1413 2583 1537 2627 codd.
1578 2582 1800 2626 invenisse

105 2643 299 2684 testatur
343 2640 476 2695 (yust.
510 2640 572 2684 ad
605 2639 737 2685 Theb.
766 2655 815 2696 p.
840 2643 947 2698 405)
977 2646 1018 2686 et
1048 2642 1233 2686 omnino
1255 2642 1509 2686 excellentis
1530 2644 1685 2697 poetae
1709 2651 1801 2683 esse

97 2702 251 2755 putat.
298 2697 542 2754 Leyuntur
570 2703 803 2753 praeterea
834 2701 886 2743 in
917 2703 1040 2757 Ηφι·
1075 2702 1124 2757 (a
1160 2714 1303 2746 manu
1333 2700 1501 2745 recenti
1531 2698 1798 2766 adscriptoj

103 2770 259 2802 versus
290 2760 535 2801 100-103
576 2757 877 2802 inveniuntur
916 2759 967 2802 in
999 2763 1034 2801 G
1069 2759 1210 2818 Pray.
1241 2763 1273 2804 2
1311 2760 1373 2803 In
1404 2759 1611 2803 omnibus
1641 2757 1798 2802 ceteris

105 2829 215 2872 quos
245 2816 439 2860 adhibui
470 2816 603 2859 libris
631 2830 774 2860 manu
804 2818 988 2873 scriptis
1017 2818 1335 2863 desiderantur
1372 2820 1387 2873 ΙΙ
1429 2821 1511 2860 100
1553 2816 1638 2859 deo
1671 2819 1758 2873 eq>
1783 2816 1796 2872 ΙΙ

115 2878 196 2917 101
229 2873 464 2930 Mulgiber
495 2878 527 2916 P
555 2873 561 2931 Ι
589 2873 754 2918 haeret
783 2874 872 2918 loti
902 2891 943 2932 φ
975 2877 1096 2921 unde
1126 2877 1363 2923 Bentleius
1394 2876 1508 2921 coni.
1543 2873 1654 2918 lotis
