2028 3190
696 186 1038 233 THEBAIDOS
1069 187 1179 232 LIB.
1212 187 1290 232 IX.
1736 187 1843 239 257

152 309 297 363 Rore
338 309 437 362 sub
476 308 617 377 Eoo,
655 312 923 378 notasque
963 327 1027 362 ex
1065 308 1252 362 ordine
1293 308 1457 362 silvas
1759 320 1845 362 605

151 383 229 439 Et
267 402 521 453 quercum
562 383 752 453 gavisa
790 384 954 437 videt.
1030 381 1179 436 Tunc
1217 383 1408 436 limina
1438 383 1604 436 divae

155 457 390 512 Adstitit
429 460 483 511 et
520 459 620 510 tali
657 458 985 527 nequiquam
1025 475 1152 511 voce
1191 460 1465 527 precatur:

156 531 359 601 ‘Virgo
398 535 592 600 potens
631 550 939 600 nemorum,
979 531 1129 584 cuius
1169 550 1279 584 non
1319 531 1508 584 mollia
1548 531 1706 600 signa

157 605 519 676 Militiamque
557 610 766 659 trucem
807 623 995 659 sexum
1033 605 1319 675 indignata.
1356 604 1646 675 frequento

156 679 310 733 More
349 679 487 732 nihil
526 678 714 748 Graio,
753 697 850 732 nec
890 682 945 731 te
986 695 1120 748 gens
1162 697 1356 748 aspera
1394 680 1504 732 ritu
1763 692 1849 732 610

159 752 376 808 Colchis
417 754 816 807 Amazoniaeve
856 754 1030 823 magis
1073 753 1285 806 coluere
1325 756 1597 807 catervae:

158 825 217 880 Si
255 827 390 880 mihi
427 846 539 881 non
577 847 835 898 umquam
873 827 1041 880 thiasi
1079 827 1303 882 ludusve
1342 830 1628 897 protervae

158 901 350 956 Noctis
392 905 468 971 et,
507 903 681 956 inviso
723 902 968 972 quamvis
1007 904 1272 955 temerata
1311 901 1499 971 cubili,

159 974 287 1028 Non
324 978 508 1029 tamen
547 978 642 1029 aut
679 979 881 1030 teretes
921 975 1142 1045 thyrsos
1185 978 1279 1029 aut
1318 975 1506 1029 mollia
1546 975 1691 1045 gessi

158 1048 358 1119 Pensa,
398 1050 492 1103 sed
530 1050 587 1102 in
624 1050 835 1103 tetricis
876 1053 930 1103 et
968 1053 1095 1119 post
1133 1050 1363 1103 conubia
1401 1050 1616 1119 lustriS,
1768 1062 1853 1104 615

162 1121 250 1177 Sic
289 1141 501 1194 quoque
541 1125 786 1178 venatrix
825 1125 1110 1194 animoque
1150 1124 1379 1194 innupta
1416 1124 1651 1177 remansi

162 1195 301 1267 (Nec
340 1198 477 1251 mihi
516 1199 736 1252 secretis
777 1199 990 1267 culpam
1031 1199 1303 1252 occultare
1342 1199 1442 1252 sub
1483 1198 1655 1251 antris

165 1269 330 1340 Cura,
371 1272 464 1325 sed
504 1272 717 1326 ostendi
756 1273 965 1341 prolem
997 1274 1259 1342 posuique
1299 1275 1623 1326 trementem

164 1345 311 1398 Ante
350 1348 474 1398 tuos
516 1346 762 1399 confessa
801 1346 991 1415 pedes3
1029 1365 1128 1399 nec
1168 1347 1402 1417 degener
1440 1347 1529 1400 ille

166 1417 457 1488 Sanguinis
497 1419 658 1490 inque
698 1437 847 1481 meos
887 1420 1124 1489 reptavit
1162 1420 1409 1488 protinus
1451 1417 1655 1490 arcus):
1772 1433 1859 1473 620

169 1492 325 1558 [Tela
361 1510 494 1561 puer
533 1493 774 1546 lacrimis
814 1496 868 1546 et
906 1494 1083 1562 prima
1123 1511 1251 1546 voce
1292 1494 1562 1563 poposcit]

167 1565 325 1619 Hunc
357 1566 493 1619 mihi
518 1563 671 1638 (quid
694 1567 935 1636 trepidae
958 1570 1144 1621 noctes
1171 1586 1498 1637 somnusque
1523 1566 1860 1638 minantur?)

168 1639 349 1709 Hunc,
388 1658 601 1710 precor,
642 1641 831 1694 audaci
872 1642 965 1711 qui
1004 1659 1145 1695 nunc
1186 1641 1252 1695 ad
1291 1642 1503 1712 proelia
1541 1645 1670 1695 voto

167 1713 290 1767 Heu
327 1714 554 1767 nimium
594 1715 700 1768 sibi
738 1715 870 1768 fisus
912 1715 1050 1785 abit,
1090 1715 1159 1769 da
1197 1716 1368 1770 visere
1409 1716 1542 1769 belli

168 1787 469 1856 Victorem,
508 1789 615 1857 vel,
655 1789 702 1842 si
742 1790 923 1858 ampla
961 1793 1112 1859 peto,
1153 1789 1221 1843 da
1260 1790 1433 1843 visere
1473 1790 1712 1843 tantum!
1776 1802 1862 1844 625

170 1861 275 1914 Hic
316 1861 472 1914 sudet
510 1865 712 1931 tuaque
753 1881 904 1915 arma
942 1863 1107 1916 ferat:
1147 1882 1328 1932 preme
1370 1864 1489 1916 dira
1528 1864 1795 1917 malorum

174 1933 364 2004 Signa3
407 1935 535 2004 quid
573 1935 629 1987 in
669 1936 893 2004 nostriS,
931 1937 1223 1989 nemoralis
1265 1936 1447 2007 Delia,
1487 1937 1640 1990 silvis

173 2008 461 2062 Maenades
500 2008 729 2062 hostiles
769 2009 1132 2080 Thebanaque
1171 2011 1396 2063 numina
1433 2011 1700 2081 regnant?

173 2082 243 2136 Ei
283 2082 437 2136 mihi!
479 2101 572 2136 cur
611 2084 826 2152 penitus
867 2081 1100 2155 (simque
1142 2101 1313 2154 augur
1353 2102 1508 2138 cassa
1549 2082 1790 2157 futuril),

174 2153 285 2209 Gur
315 2156 528 2225 penitus
563 2175 867 2228 magnoque
892 2158 1221 2227 interpretor
1244 2158 1423 2212 omine
1448 2158 1742 2228 quercum?
1776 2171 1862 2212 630

175 2228 330 2293 Quod
370 2230 416 2283 si
455 2249 581 2284 vera
620 2250 783 2301 sopor
820 2232 1049 2285 miserae
1090 2232 1377 2302 praesagia
1418 2232 1611 2298 mittit,

175 2303 280 2356 Per
317 2307 370 2356 te
411 2308 709 2375 maternOS,
750 2306 901 2360 mitis
942 2306 1237 2376 Dictynna,
1276 2307 1490 2360 labores

297 2438 383 2478 606
415 2434 581 2478 limina
611 2440 643 2477 P
683 2437 739 2491 cf.
775 2437 880 2480 III
908 2441 1005 2482 299
1044 2436 1206 2480 limine
1239 2438 1371 2482 ceteri
1401 2438 1414 2493 ΙΙ
1449 2442 1533 2481 612
1565 2450 1718 2482 versus
1749 2438 1867 2482 deest

178 2492 231 2536 in
262 2493 333 2548 Pl}
357 2498 441 2537 616
475 2493 723 2549 animoque
755 2500 787 2537 P
819 2497 917 2540 edd.
950 2500 1049 2540 vett.
1090 2495 1387 2551 animumque
1420 2500 1508 2539 ΒΜ
1539 2495 1740 2552 innupta
1771 2494 1867 2539 ani-

182 2564 401 2606 mumque
427 2557 452 2594 8
479 2552 752 2609 animosque
776 2554 1086 2599 Baehrensius
1109 2558 1124 2612 ΙΙ
1149 2560 1233 2599 617
1260 2554 1436 2599 crimen
1452 2559 1486 2598 Β
1510 2555 1621 2601 Beh.
1642 2560 1666 2598 1
1694 2554 1870 2598 crinem

180 2624 203 2653 ο
234 2610 344 2654 Beh.
378 2614 410 2655 2
451 2612 521 2667 (in
551 2627 692 2669 mary.
726 2613 871 2658 adscr.
912 2612 1114 2670 culpam)
1154 2616 1170 2671 u
1209 2619 1294 2659 618
1333 2613 1515 2671 prolem
1545 2619 1577 2656 P
1618 2613 1677 2657 N.
1714 2612 1869 2658 Faber

180 2671 346 2713 natum
376 2671 539 2727 ΒΒΜΙΙ
563 2676 646 2715 621
680 2685 877 2726 versum,
908 2674 988 2729 qui
1018 2674 1137 2718 deest
1167 2674 1219 2718 in
1250 2687 1342 2718 uno
1372 2678 1426 2729 P,
1468 2675 1600 2718 uncis
1630 2673 1800 2717 inclusi
1830 2676 1871 2717 et

180 2729 589 2785 interpunctionem
622 2744 722 2775 cum
746 2731 1086 2776 Sandstroemio
1119 2733 1296 2777 correxi
1317 2735 1333 2789 ΙΙ
1357 2738 1444 2777 624
1475 2731 1565 2775 tibi
1597 2731 1724 2776 codd.
1756 2732 1872 2786 edd„

182 2800 296 2832 corr.
329 2787 638 2832 Baehrensius
661 2790 676 2846 ΙΙ
701 2793 784 2834 625
819 2789 927 2834 Post
956 2792 1078 2835 hunc
1106 2805 1146 2835 v.
1180 2793 1232 2835 in
1263 2792 1374 2837 Beh.
1399 2797 1424 2835 1
1458 2794 1708 2846 sequuntur
1739 2790 1869 2835 haec.-

186 2844 236 2889 Si
266 2859 361 2890 non
392 2845 640 2901 victorem,
681 2846 743 2892 da
771 2849 958 2892 tantum
990 2862 1176 2893 cernere
1208 2850 1385 2895 victum
1407 2852 1422 2905 ΙΙ
1447 2854 1531 2893 626
1565 2847 1670 2892 dira.
1698 2853 1730 2891 P
1762 2847 1873 2893 diva

185 2906 309 2947 ΒΘΗ
333 2905 448 2950 dura
475 2907 595 2951 Colb.
620 2908 636 2963 ΙΙ
661 2912 744 2951 628
772 2906 967 2951 Menalis
992 2914 1024 2952 P
1048 2910 1062 2966 ΙΙ
1088 2913 1170 2953 632
1197 2910 1447 2963 maternos,
1474 2909 1533 2952 al.
1558 2922 1615 2952 m.
1640 2921 1857 2965 suprascr

275 2987 415 3020 SrA‘ru
440 2988 635 3021 Tannus.
1464 2987 1514 3025 17
