2008 3198
210 178 319 223 XVI
749 176 1030 223 EDITORIS
1059 176 1413 223 PRAEFATIO.

214 301 413 370 positis
461 318 603 352 nunc
650 299 999 352 memoranda
1038 316 1156 352 esse
1196 298 1331 351 mihi
1367 297 1620 352 videntur
1659 317 1724 352 ea
1761 300 1911 353 adiu-

214 378 411 444 menta,
456 392 592 444 quae
631 373 757 427 huic
799 372 1023 426 editioni
1063 391 1091 426 e
1131 372 1343 425 schedis
1382 372 1622 426 virorum
1663 372 1910 427 doctissi-

212 467 423 502 morum
486 451 540 500 et
598 449 818 500 nostrae
883 447 1079 500 aetatis
1142 450 1196 499 et
1264 446 1508 515 priorum
1571 447 1912 502 saeculorum

214 526 402 576 exorta
434 524 576 575 sunt.
636 520 905 574 Minorem
937 539 1099 590 quam
1140 538 1485 589 speraveram
1521 519 1758 575 fructum
1796 539 1913 592 per-

214 597 331 666 cepi
372 615 436 649 ex
467 595 862 649 Bernartianae
904 594 1158 648 editionis
1199 594 1461 663 exemp10‚
1501 594 1654 664 quod
1681 613 1824 648 nunc
1851 595 1912 649 in

211 672 343 724 bibl.
406 668 757 740 Gottingensi
817 670 1062 722 servatur
1116 667 1188 737 (8.
1244 667 1357 721 cod.
1408 668 1596 736 philol.
1644 666 1800 739 146),
1852 669 1911 722 in

213 745 363 798 cuius
411 744 658 814 margine
705 761 877 812 pauca
926 743 1207 795 adnotavit
1256 741 1563 796 emendavit
1617 742 1913 812 explicavit

211 819 280 872 ad
337 818 619 871 Thebaida
672 817 713 870 I.
764 817 807 869 I.
859 814 1162 886 Scaliger.
1181 814 1225 887 2)
1312 816 1477 868 Plura
1537 815 1780 885 decerpsi
1843 835 1910 870 ex

207 892 504 962 Hugonis
561 890 775 944 Grotii
829 890 1122 958 exemplari
1170 890 1421 943 editionis
1462 889 1909 960 Tiliobrogianae

210 968 267 1019 in
302 967 430 1020 bibl.
462 965 714 1018 Leidensi
754 967 969 1018 servato
1012 962 1131 1035 (Nr.
1164 963 1269 1017 759
1304 963 1352 1015 D
1387 962 1460 1033 8).
1524 962 1790 1033 Grotium,
1820 964 1908 1018 vel

208 1044 270 1094 ut
322 1040 614 1109 populares
672 1039 945 1108 appellare
1002 1038 1180 1091 solent
1222 1034 1325 1091 τὸν
1380 1033 1618 1106 μεγάλα,
1673 1035 1910 1091 Statium

206 1114 430 1184 plurimi
470 1114 785 1167 aestimasse
825 1115 1062 1179 constat3
1113 1112 1229 1180 ipse
1270 1111 1414 1164 enim
1452 1112 1512 1163 in
1559 1111 1794 1180 epistula
1839 1111 1908 1164 ad

206 1188 246 1242 Ι.
271 1188 330 1241 F.
356 1186 689 1241 Gronovium
724 1184 996 1258 (Lutetiae
1025 1187 1093 1239 10
1127 1186 1360 1240 decemb.
1388 1184 1554 1254 1637)
1581 1183 1906 1270 Papinium'

206 1262 399 1332 inquit,
439 1261 542 1314 vir
574 1261 897 1329 doctissime,
935 1260 1121 1330 magni
1159 1259 1265 1312 feci
1305 1277 1530 1327 semper,
1567 1261 1632 1312 ut
1663 1259 1755 1328 qui
1786 1258 1908 1313 Vir-

208 1336 339 1407 gilio
379 1336 667 1405 omnigena
706 1335 1006 1388 eruditione
1028 1304 1192 1386 1511ειι1ᾶ
1232 1334 1464 1386 multum
1505 1332 1674 1403 cedat,
1711 1331 1906 1417 spiritu

207 1413 390 1464 autem
441 1409 657 1478 poetico
706 1411 851 1462 certe
911 1407 1233 1478 quibusdam
1279 1408 1336 1460 in
1381 1406 1654 1476 partibus,
1709 1407 1756 1460 si
1808 1423 1906 1476 per

207 1485 426 1538 criticos
467 1484 639 1536 dicere
680 1483 858 1551 liceat,
898 1482 1119 1535 dubiam
1150 1481 1199 1533 ei
1231 1481 1398 1534 faciat
1428 1479 1703 1549 palmam'.
1745 1479 1906 1533 Eius-

207 1558 328 1611 dem
389 1558 493 1610 viri
547 1556 921 1609 inlustrissimi
977 1555 1379 1608 emendationes
1441 1554 1790 1607 inveniuntur
1846 1555 1906 1606 in

206 1631 502 1700 exemplari
549 1630 801 1683 editionis
842 1629 1281 1698 Tiliobrogianae
1334 1627 1903 1698 Heidelbergensi‚

207 1706 351 1789 quod
389 1724 457 1757 ne
504 1704 845 1773 neglegerem
893 1721 1014 1756 cum
1055 1721 1086 1754 a
1126 1701 1434 1755 Godofredo
1475 1700 1728 1754 Kinkelio
1769 1701 1903 1754 ami-

206 1779 419 1832 cissime
476 1778 781 1830 admonitus
838 1794 1030 1845 essem,
1091 1775 1419 1828 liberalitate
1474 1773 1902 1844 Zangemeisteri

203 1853 410 1905 factum
459 1855 563 1920 est,
613 1854 676 1903 ut
720 1851 860 1903 liber
906 1850 1010 1903 huc
1048 1849 1185 1902 mihi
1222 1849 1704 1902 transmitteretur.
1778 1847 1904 1901 Fuit

202 1927 295 1979 ille
321 1926 593 1996 quondam
611 1924 854 2008 Casperii
881 1922 1138 1991 Gevartii,
1167 1923 1259 1992 qui
1284 1923 1374 1976 et
1359 1940 1473 1992 lpse
1498 1923 1697 1975 multas
1723 1939 1900 1975 emen-

204 2001 450 2053 dationes
483 2000 539 2052 in
579 1998 824 2067 margine
857 1997 1136 2066 inscripsit
1170 2015 1323 2050 suam
1356 1996 1647 2049 editionem
1678 2013 1899 2065 paran33

206 2074 549 2144 scripseritne
610 2073 704 2126 ille
763 2071 940 2125 Grotii
999 2089 1209 2140 quoque
1272 2071 1634 2138 coniecturas,
1705 2069 1899 2138 quibus

202 2165 404 2201 nomen
458 2147 694 2199 auctoris
747 2146 989 2199 additum
1045 2148 1149 2213 est,
1204 2162 1273 2197 an
1327 2143 1547 2196 Grotius
1601 2143 1740 2211 ipse,
1795 2142 1899 2196 dis-

204 2225 421 2291 ceptare
460 2239 681 2289 nequeo,
745 2219 943 2273 Postea
988 2219 1127 2272 liber
1164 2217 1203 2271 I.
1238 2216 1300 2270 G.
1333 2216 1549 2270 Graevii
1587 2216 1761 2269 factus
1803 2218 1899 2269 est.

204 2295 490 2378 Excerptis
562 2293 693 2347 Nic.
756 2293 1017 2346 Heinsii
1087 2294 1142 2344 et
1201 2290 1467 2344 Ioannis
1529 2289 1900 2359 Peyraredi,

206 2387 342 2438 quae
382 2369 439 2420 in
470 2368 600 2421 bibl.
631 2367 974 2421 Berolinensi
1007 2368 1288 2419 servantur
1320 2363 1443 2434 (Ms.
1475 2362 1622 2417 Diez.
1655 2363 1715 2416 B.
1749 2361 1898 2416 Sant.

205 2444 273 2496 81
317 2446 370 2495 et
414 2441 542 2511 117)
583 2445 644 2494 ut
681 2441 770 2494 hic
809 2441 891 2493 uti
929 2458 1159 2511 possem,
1199 2438 1532 2491 liberalitate
1571 2436 1754 2506 Lepsii
1792 2436 1896 2490 viri

204 2515 496 2569 clarissimi
542 2515 676 2567 mihi
724 2518 1038 2568 concessum
1079 2516 1175 2567 est.
1251 2511 1330 2564 De
1372 2511 1550 2564 codiee
1591 2511 1896 2581 Anglicano

205 2609 364 2659 quem
401 2588 658 2641 Heinsius
699 2589 1013 2657 saepissime
1061 2588 1193 2639 citat
1233 2585 1363 2638 certi
1404 2584 1605 2654 aliquid
1644 2584 1748 2638 dici
1788 2601 1896 2636 non

207 2666 407 2733 potest,
446 2681 567 2716 cum
607 2663 690 2715 vir
730 2662 1072 2715 doctissimus
1112 2659 1248 2712 nihil
1289 2659 1351 2711 de
1393 2677 1454 2711 eo
1496 2657 1843 2711 adnotaverit.

323 2839 367 2894 2)
408 2836 483 2881 Ad
524 2837 676 2882 Silvas
716 2836 817 2883 cod.
860 2835 1110 2880 Senensem
1150 2833 1370 2888 contulit,
1412 2833 1468 2877 de
1508 2846 1600 2888 quo
1639 2829 1732 2876 vid.
1774 2842 1894 2885 quae

204 2897 450 2942 adnotavit
482 2896 691 2941 Handius
723 2895 771 2939 in
804 2895 947 2952 praef.
981 2895 1041 2939 ad
1073 2893 1222 2938 Silvas
1253 2908 1295 2949 p.
1329 2891 1468 2935 XXII.
