2008 3198
212 180 319 233 100
788 178 836 224 P.
870 178 1100 224 PAPINII
1131 177 1324 224 STATII

209 300 345 354 Tam
382 301 622 370 penitus,
664 300 828 353 durae
868 319 1030 370 quam
1068 300 1258 353 mortis
1297 300 1482 353 limine
1521 317 1708 354 manes

207 373 465 444 Elicitos,
504 374 745 443 patuisse
783 374 970 443 refert,
1008 373 1352 443 Lethaeaque
1391 391 1546 428 sacra

206 447 284 502 Et
321 466 558 501 mersum
597 448 799 500 Ismeni
839 448 1023 500 subter
1062 448 1292 501 confinia
1329 450 1499 516 ponto
1807 460 1894 501 415

207 520 488 575 Miscentis
528 525 686 591 parat
725 524 852 575 ante
893 521 1103 591 ducem,
1144 522 1444 591 circumque
1483 521 1765 575 bidentum

209 594 526 649 Visceribus
566 596 755 648 laceris
797 599 851 649 et
891 596 1043 648 odori
1084 595 1357 664 sulphuris
1397 614 1528 648 aura

210 668 666 739 Graminibusque
705 669 861 722 novis
902 672 956 721 et
995 670 1161 739 longo
1201 687 1474 722 murmure
1513 671 1728 739 purgat.

285 741 430 797 Silva
470 762 639 812 capax
680 743 799 797 aevi
837 742 1127 812 validaque
1165 744 1388 796 incurva
1429 746 1667 811 senecta,

209 817 511 871 Aeternum
550 818 799 870 intonsae
839 816 1067 882 frondiS‚
1108 819 1218 870 stat
1257 817 1444 886 pervia
1482 816 1648 870 nullis
1811 828 1901 870 420

209 890 449 959 Solibus3
488 891 623 944 haut
661 891 816 944 illam
855 891 1079 943 brumae
1119 891 1381 960 minuere,
1420 889 1663 944 Notusve

209 963 302 1018 Ius
340 965 508 1018 habet
548 968 641 1018 aut
682 964 871 1018 Getica
912 964 1112 1019 Boreas
1152 965 1420 1034 impactus
1461 964 1527 1016 ab
1567 982 1708 1018 ursa.
1772 1003 1776 1007 -

211 1038 408 1092 Subter
448 1042 636 1108 operta
676 1039 848 1108 quieS,
888 1056 1191 1108 vacuusque
1233 1038 1448 1091 silentia
1489 1045 1668 1092 servat

208 1112 418 1165 Horror
458 1116 513 1165 et
553 1113 799 1165 exclusae
839 1113 1009 1182 pallet
1049 1112 1191 1165 male
1229 1111 1364 1165 lucis
1405 1113 1602 1180 imago.

209 1186 325 1240 Nec
364 1189 512 1239 caret
549 1187 744 1239 umbra
784 1187 904 1239 deo:
943 1186 1152 1239 nemori
1191 1185 1424 1239 Latonia
1463 1185 1659 1238 cultrix
1813 1196 1902 1238 425

209 1260 466 1329 Additur3
505 1260 646 1313 hanc
685 1261 867 1328 piceae
907 1260 1156 1329 cedrique
1197 1262 1253 1312 et
1290 1260 1484 1313 robore
1524 1259 1582 1311 in
1620 1257 1769 1312 omni

211 1333 469 1387 Effictam
511 1334 712 1386 sanctis
754 1334 990 1387 occultat
1030 1334 1169 1386 silva
1207 1333 1461 1386 tenebris.

212 1406 390 1460 Huius
430 1408 737 1477 inaspectae
777 1407 898 1460 luco
941 1407 1168 1460 stridere
1209 1407 1444 1476 sagittae

211 1480 587 1550 Nocturnique
629 1500 823 1535 canum
863 1482 1118 1551 gemituS,
1157 1480 1252 1533 ubi
1292 1481 1478 1532 limina
1516 1479 1698 1548 patrui

212 1554 426 1626 Effugit
463 1555 626 1624 inque
664 1573 836 1608 novae
876 1555 1070 1608 melior
1107 1555 1246 1607 redit
1284 1572 1378 1607 ora
1419 1552 1647 1623 Dianae3
1817 1563 1904 1606 430

212 1627 328 1682 Aut
365 1629 459 1681 ubi
496 1629 643 1681 fessa
681 1629 846 1698 iugis,
887 1628 1173 1698 dulcesque
1215 1628 1483 1680 altissima
1523 1644 1741 1680 somnos

213 1702 331 1754 Lux
370 1705 574 1770 movet,
614 1702 703 1755 hic
743 1703 852 1754 late
891 1702 1080 1755 iaculis
1122 1702 1322 1754 circum
1361 1700 1596 1770 undique
1634 1700 1755 1753 fixis

215 1775 461 1828 Effusam
500 1775 758 1845 pharetra
799 1776 1058 1829 cervicem
1099 1778 1321 1844 excepta
1361 1774 1603 1843 quiescit.

212 1849 387 1903 Extra
425 1850 660 1902 immane
699 1853 890 1918 patens
929 1849 1094 1902 tellus
1132 1848 1403 1902 Mavortia
1443 1848 1643 1917 campi,

214 1922 380 1976 Fetus
422 1940 552 1993 ager
594 1922 819 1992 Cadmo,
859 1923 1021 1976 durus
1063 1923 1153 1993 qui
1191 1940 1405 1976 vomere
1443 1922 1620 1991 primo
1817 1932 1904 1974 435

215 1996 350 2050 Post
389 1997 817 2068 consanguineas
859 1997 999 2050 acies
1041 1997 1321 2065 sulcosque
1359 1998 1616 2049 nocentes

216 2069 398 2123 Ausus
437 2070 662 2124 humum
701 2088 915 2124 versare
956 2074 1010 2123 et
1048 2071 1236 2123 mollia
1278 2069 1538 2138 sanguine
1576 2072 1736 2138 prata

333 2219 421 2260 413
447 2229 515 2271 sq.
553 2215 671 2257 ‘tam
698 2239 751 2246 —-
781 2213 983 2257 elicitos'
1019 2212 1293 2257 Priscian,
1327 2214 1369 2257 X
1399 2217 1428 2256 4
1458 2227 1503 2269 p.
1529 2218 1616 2258 498
1640 2211 1696 2257 H.
1724 2238 1779 2245 —
1803 2216 1904 2257 428.

218 2272 375 2318 ‘huius
401 2299 455 2306 —
483 2272 705 2329 sagittae’
742 2272 891 2316 idem
922 2271 985 2315 IX
1015 2278 1072 2317 45
1103 2288 1147 2329 p.
1182 2276 1264 2317 481
1302 2274 1349 2316 et
1380 2272 1423 2316 X
1454 2277 1509 2316 29
1541 2287 1587 2329 p.
1620 2276 1705 2316 521
1738 2271 1794 2315 Η.

337 2424 423 2464 413
463 2419 627 2464 limine
675 2420 781 2465 1·πῖ
820 2418 971 2463 limite
1017 2422 1147 2461 PBM
1189 2419 1336 2464 Prisc.
1376 2420 1392 2475 ΙΙ
1434 2418 1546 2464 Post
1589 2432 1630 2463 v.
1679 2421 1768 2463 414
1813 2432 1907 2464 ver-

219 2492 318 2524 sum
358 2479 575 2524 excidisse
607 2483 750 2535 putat
781 2479 1030 2523 Muellerus
1052 2479 1068 2535 ΙΙ
1091 2482 1175 2521 421
1208 2477 1433 2521 minuisse
1470 2477 1762 2545 Peyraredus
1782 2478 1800 2535 ΙΙ
1821 2481 1910 2522 424

218 2536 379 2582 Pallor
414 2540 437 2580 1
481 2537 646 2582 horror
686 2543 712 2580 s
749 2540 755 2594 Ι
788 2538 912 2582 male
954 2542 986 2580 P
1032 2536 1159 2581 mala
1206 2539 1339 2583 ceteri
1378 2539 1393 2594 ΙΙ
1436 2541 1522 2581 426
1567 2535 1705 2594 picea
1749 2534 1910 2581 cedro-

222 2610 312 2667 que
354 2597 607 2642 Muellerus
646 2598 662 2653 ΙΙ
700 2602 786 2641 429
834 2596 982 2654 patris
1023 2597 1211 2642 Grotius
1247 2598 1263 2654 ΙΙ
1302 2599 1445 2641 431-
1451 2599 1542 2642 433
1580 2597 1633 2641 iu
1669 2600 1703 2638 P
1736 2609 1811 2652 pr.
1849 2608 1907 2639 m

220 2657 375 2702 omissi
411 2657 463 2701 in
497 2670 640 2712 mary.
681 2657 740 2700 al.
782 2671 838 2700 m.
879 2657 1080 2712 adcripti
1118 2656 1329 2711 leguntur
1373 2659 1378 2711 Ι
1421 2660 1507 2700 431
1556 2655 1651 2699 Aut
1687 2657 1777 2697 Bu
1821 2651 1910 2697 Ast

225 2719 258 2758 P
297 2716 355 2760 al.
398 2729 456 2759 m.
488 2730 530 2758 m
562 2713 626 2758 At
656 2730 679 2757 r
710 2714 771 2757 Et
808 2716 918 2759 Belz.
950 2718 982 2760 2
1011 2717 1026 2771 [Ι
1059 2719 1145 2758 434
1176 2716 1341 2770 patens
1375 2719 1448 2757 ΡΙ,
1491 2714 1658 2771 patent
1687 2716 1797 2767 Bpg
1826 2725 1907 2757 sec.

221 2787 278 2819 m.
325 2774 459 2830 patet
504 2773 651 2816 G2su
688 2775 703 2829 ΙΙ
741 2779 836 2818 435
885 2773 1071 2817 Cadmo.
1146 2772 1320 2829 Durus,
1374 2773 1454 2830 qui
1499 2772 1726 2817 Bai-thius
1770 2771 1908 2816 iuter-

216 2834 517 2891 pwnyeudum
566 2834 771 2877 censebat
817 2834 1006 2889 itemque
1052 2833 1205 2889 leyisse
1249 2808 1429 2877 videtur
1470 2832 1735 2886 scholiasta,
1775 2830 1906 2887 prob.

229 2892 453 2937 Muellero
476 2894 490 2948 ΙΙ
514 2897 600 2936 437
633 2890 800 2935 mollia
831 2896 862 2934 P
897 2893 1052 2936 Petaz.
1084 2890 1242 2948 putria
1271 2892 1424 2935 Bam
