1942 3190
120 201 192 254 30
692 202 743 249 P.
777 202 1007 247 PAPINII
1038 201 1239 247 STATII

121 322 239 375 ‘Ille
273 340 372 394 ego
407 323 561 392 (quid
591 323 830 391 ‘crepidas
841 321 906 394 P),
938 323 1183 393 genitum
1215 342 1373 393 quem
1406 323 1619 378 caerula
1641 326 1819 378 maizel-

119 397 315 450 Peneis
357 398 507 451 silvis
546 397 870 466 nivibusque
909 397 1138 450 immisit
1176 398 1430 452 alendum
1729 410 1815 452 651

119 470 461 525 Thessalicis,
508 470 625 524 Nec
664 489 765 542 ego
804 471 905 523 hos
947 472 1123 524 cultus
1164 475 1257 524 aui:
1293 473 1452 526 foeda
1490 473 1755 527 subissem
1796 502 1807 516 ·

119 545 404 615 Tegmina,
442 546 500 598 ni
538 546 714 614 primo
753 548 807 597 te
846 546 964 598 visa
1003 546 1058 598 in
1098 545 1281 599 litore:
1321 547 1460 600 cessi

119 619 194 672 Te
234 623 481 690 propber,
519 620 622 673 tibi
660 638 830 689 pensa
869 638 1059 689 manu,
1097 620 1202 672 tibi
1241 621 1429 673 mollia
1470 623 1626 692 gesto

119 693 416 763 Tympana.
479 693 619 756 Quid
643 694 805 746 defles
831 711 1033 764 magno
1064 713 1230 746 nurus
1264 694 1448 747 addiiza
1476 693 1685 764 ponto?
1724 698 1812 748 655

119 766 260 829 Quid
301 769 474 839 gemis
513 769 764 839 ingenbes
806 768 955 820 caelo
994 768 1239 836 paritura
1275 769 1540 837 nepotes?

119 839 223 894 Sed
261 846 418 912 pater
456 862 552 894 —:
593 845 718 895 ante
757 842 877 911 igni
914 842 1163 911 ferroque
1205 843 1383 895 excisa
1422 842 1623 896 iacebit

120 915 318 985 Scyros
361 920 415 969 et
454 917 511 969 in
549 916 784 969 {sumidas
825 916 984 968 ibunt
1021 916 1156 968 haec
1194 935 1353 969 versa
1390 916 1658 985 procellas

116 989 354 1060 Moenia,
394 1010 557 1060 quam
598 1009 758 1044 saevo
800 1009 921 1043 mea
958 994 1019 1042 tu
1059 990 1289 1043 conubia
1325 991 1530 1059 pendas

116 1064 348 1118 Funere:
386 1084 500 1118 non
540 1065 673 1118 adeo
713 1064 1022 1133 parebimus
1065 1064 1247 1117 omnia
1287 1063 1488 1117 mairi?
1729 1077 1815 1118 660

121 1139 312 1205 [Vade,
351 1141 440 1192 sed
474 1143 700 1207 ereptum
739 1139 862 1191 celes
902 1143 1163 1205 taceasque
1190 1135 1478 1209 pudorem]

269 1213 550 1282 Obstipuit
587 1213 755 1265 tantis
795 1213 984 1282 regina
1024 1212 1281 1265 exterrita
1318 1211 1599 1280 monstriS‚

119 1286 456 1356 Quamquam
497 1287 627 1339 olim
668 1290 919 1355 suspecta
957 1287 1089 1339 fides
1130 1290 1184 1338 et
1224 1286 1522 1338 comminus
1561 1286 1741 1355 ipsum

116 1361 346 1414 Horruit
387 1364 441 1414 et
478 1360 645 1413 facies
686 1361 917 1413 multum
956 1363 1169 1413 mutata
1206 1360 1443 1412 fatentis,

119 1434 260 1498 Quid
298 1435 500 1488 faciat?
542 1453 769 1487 casusne
811 1453 937 1487 suos
975 1434 1117 1486 ferat
1156 1434 1276 1502 ipsa
1315 1433 1566 1502 parenti?
1729 1445 1815 1486 665

118 1508 291 1579 Seque
333 1509 494 1562 simul
534 1509 885 1577 iuvenemque
923 1511 1160 1577 premat,
1197 1508 1447 1560 fortassis
1488 1508 1708 1561 acerbas

115 1582 430 1636 Hausurum
467 1583 707 1652 poenas?
784 1582 859 1634 E‘n
900 1582 1071 1634 adhuc
1110 1583 1166 1633 in
1206 1582 1362 1634 corde
1402 1581 1659 1634 manebat

115 1657 214 1710 Ille
255 1659 344 1709 diu
383 1658 639 1725 decep'cus
680 1674 855 1708 amor:
889 1656 1013 1707 silet
1053 1673 1216 1724 aegra
1253 1655 1558 1724 premitque

114 1730 233 1783 Iam
274 1749 555 1783 commune
595 1729 770 1798 nefas3
811 1748 974 1783 unam
1012 1729 1191 1797 placet
1230 1728 1423 1781 addere
1461 1728 1624 1781 furtis

115 1804 382 1858 Altricem
422 1805 649 1872 sociam,
696 1804 945 1872 precibus
985 1820 1122 1872 quae
1159 1802 1308 1855 victa
1347 1802 1576 1855 duorum
1727 1815 1814 1856 670

116 1879 339 1931 Adnuit.
414 1878 522 1931 Illa
561 1882 685 1931 astu
722 1877 892 1930 tacito
932 1880 1257 1945 raptumque
1296 1876 1557 1944 pudorem

119 1952 550 2022 Surgentemque
585 1955 798 2004 uterum
830 1955 991 2020 atque
1025 1968 1214 2020 aegros
1247 1950 1305 2002 in
1335 1950 1572 2019 pondere
1603 1966 1814 2003 menses

117 2026 387 2094 Occuluib,
427 2027 604 2095 plenis
645 2027 813 2078 donec
854 2028 1000 2077 stata
1037 2028 1287 2093 tempora
1325 2023 1484 2075 metis

116 2101 323 2154 Attulit
363 2104 417 2153 et
453 2103 642 2169 partus
681 2100 840 2152 index
878 2098 1083 2151 Lucina
1121 2097 1359 2150 resolvit.

237 2295 323 2335 650
377 2290 590 2348 genitum
629 2295 746 2344 ApD
793 2289 1075 2333 Schrader-us
1114 2286 1276 2344 genuit]
1322 2289 1440 2328 ent
1474 2287 1490 2342 ΙΙ
1529 2289 1613 2330 651
1646 2285 1812 2330 Peneis

116 2349 241 2393 PcG2
286 2349 561 2394 Paeneiouis
593 2354 626 2391 P
671 2349 868 2393 Peneios
899 2347 1028 2391 Leid.
1053 2360 1131 2402 pr.
1163 2361 1220 2389 m.
1267 2345 1443 2389 Peneos
1475 2360 1502 2399 p
1550 2344 1722 2389 Pelleis
1768 2348 1811 2387 11

116 2408 317 2453 Peliacis
350 2410 446 2454 edd.
501 2409 667 2453 Nescio
699 2423 763 2452 an
793 2407 1079 2452 scribendum
1109 2406 1169 2449 sit
1199 2403 1470 2449 Haemoniis
1503 2405 1599 2448 coll.
1631 2417 1700 2448 vv.
1733 2407 1809 2449 98.

115 2471 228 2513 229.
260 2472 364 2513 476.
408 2471 502 2513 627
532 2482 594 2524 sq.
643 2469 693 2511 id
723 2468 844 2524 quod
875 2467 969 2511 cod.
1010 2464 1345 2520 Lindenbroyii
1376 2464 1551 2507 exhibet
1587 2463 1604 2519 ΙΙ
1643 2467 1727 2508 653
1759 2462 1810 2507 ni

118 2542 142 2572 e
174 2527 326 2583 primo
357 2528 405 2570 te
438 2527 538 2571 vias
569 2531 601 2569 P
625 2529 640 2583 ΙΙ
665 2532 749 2571 656
782 2540 938 2583 gemes
969 2529 1001 2567 P
1023 2525 1041 2580 ll
1065 2529 1148 2568 657
1184 2523 1274 2566 Sed
1298 2524 1434 2579 pater
1464 2548 1523 2554 —
1553 2522 1675 2566 Ante
1710 2521 1811 2579 igni

116 2587 334 2631 distinxit
357 2600 457 2629 cum
474 2586 672 2629 Barthio
699 2587 918 2629 Menkins
937 2583 1028 2628 Sed
1053 2585 1184 2640 pater
1210 2584 1318 2626 ante
1342 2581 1456 2638 igni,
1474 2582 1690 2638 ferroque
1709 2581 1808 2626 edd.

126 2645 218 2690 Sed
257 2644 413 2702 patria
445 2649 479 2686 G
512 2645 643 2689 Leid.
669 2649 722 2688 ut
750 2645 1038 2689 scribendum
1062 2642 1264 2686 censebat
1287 2641 1512 2685 Heinsius
1534 2642 1550 2698 ΙΙ
1575 2644 1658 2684 659
1690 2653 1804 2696 pen-

118 2705 201 2748 das
225 2704 595 2749 Sandstroemius
626 2718 727 2748 cum
758 2705 854 2748 cod.
875 2701 1209 2757 Lindenbroyii
1238 2700 1404 2757 perdas
1435 2700 1563 2756 ΛΜΗ
1594 2703 1678 2743 661
1710 2711 1809 2742 ver-

117 2778 218 2807 sum
249 2765 463 2808 omittunt
493 2762 672 2816 Pe2p11
703 2763 834 2809 Leid.
856 2777 929 2819 pr.
955 2776 1029 2815 m.,
1060 2761 1192 2804 uncis
1222 2760 1391 2803 inclusi
1413 2761 1428 2816 n
1453 2763 1536 2803 673
1561 2756 1806 2814 plenisque

116 2827 148 2864 P
172 2825 187 2879 ΙΙ
212 2828 298 2867 674
325 2823 530 2867 Plurimi
554 2823 725 2866 codices
748 2827 881 2878 atque
904 2822 1120 2866 editiones
1136 2823 1321 2875 praeter
1350 2817 1806 2874 Lindenbroyianam

117 2886 159 2926 et
192 2880 473 2926 Cruceanam
503 2882 596 2936 fere
627 2894 775 2925 omnes
805 2883 886 2926 hoc
916 2893 1047 2925 versu
1078 2879 1246 2922 librum
1270 2879 1475 2934 primum
1505 2876 1699 2932 finiunt,
1737 2888 1807 2919 co-

117 2942 238 2985 dices
290 2942 462 2985 novicii
500 2945 632 2997 atque
674 2941 891 2985 editiones
937 2939 1076 2983 Lind.
1133 2942 1174 2982 et
1230 2937 1359 2982 Gruc.
1417 2937 1583 2981 librum
1627 2935 1809 2979 tertium
