2028 3190
3 2690 20 2735 <tt

699 163 1043 209 THEBAIDOS
1075 163 1186 208 LIB.
1221 162 1296 208 XI.
1737 161 1840 213 317

150 288 445 342 Tartareus
484 289 664 340 rector
701 289 862 357 porta
900 286 1053 339 iubet
1091 285 1171 338 ire
1210 285 1435 338 reclusa.

147 362 427 416 Montibus
467 361 710 414 insidunt
747 360 942 429 patriis
982 360 1235 428 tristique
1273 377 1472 412 corona

146 436 389 490 Infecere
430 436 573 488 diem
614 438 668 487 et
706 435 849 488 vinci
890 452 988 486 sua
1027 434 1254 486 crimina
1293 432 1545 502 gaudent.

222 509 357 563 Illos
398 512 459 562 ut
499 509 736 561 stimulis
777 508 855 560 ire
895 508 952 560 in
992 507 1283 560 discrimen
1323 507 1526 576 apertis

150 584 344 637 Audiit
384 587 438 636 et
477 583 665 636 sceleri
706 582 919 634 nullum
958 582 1069 634 iam
1109 581 1331 634 obstare
1370 581 1654 650 pudorem,
1759 593 1847 632 425

150 658 392 711 Advolat
431 661 486 709 et
525 655 731 709 medias
772 655 1027 708 immittit
1065 654 1331 707 Adrastus
1373 654 1639 723 habenas,

150 732 274 801 Ipse
314 731 530 801 quidem
570 733 625 782 et
662 729 845 800 regnis
886 729 1119 782 multum
1159 731 1214 780 et
1254 728 1578 782 venerabilis
1621 746 1766 781 aevo.

152 805 258 859 Sed
299 805 427 874 quid
469 803 611 873 apud
650 805 813 872 taleS,
853 804 974 873 quis
1014 821 1112 856 nec
1153 821 1252 855 sua
1291 802 1524 873 pignora
1564 819 1744 869 curae,

149 879 318 933 Exter
341 877 554 932 honos?
589 877 796 931 Tamen
821 877 914 930 ille
938 880 1121 948 rogat:
1148 875 1163 898 ²
1179 874 1554 945 Spectabimus
1581 893 1710 946 ergo
1728 876 1849 943 hoc,

150 952 444 1006 Inachidae
485 951 768 1021 Tyriique,
806 951 998 1005 nefas?
1038 951 1132 1004 ubi
1170 951 1292 1003 iura
1332 950 1559 1020 deique?
1759 962 1849 1002 430

151 1027 308 1080 Bella
348 1026 478 1079 ubi?
510 1044 577 1078 ne
621 1029 863 1094 perstate
910 1025 1119 1078 animiS.
1199 1023 1276 1077 Te
1316 1025 1596 1092 deprecor,
1635 1023 1811 1077 hostis

153 1098 530 1169 (Quamquam,
553 1099 687 1152 haec
711 1099 793 1152 ira
818 1099 979 1166 sinat,
1003 1117 1101 1152 nec
1125 1102 1185 1150 tu
1211 1098 1347 1150 mihi
1365 1098 1627 1167 sanguine
1643 1094 1849 1167 longe),

151 1174 251 1243 Te,
291 1191 478 1243 gener,
519 1178 574 1226 et
612 1174 798 1242 iube03
840 1174 1039 1241 sceptri
1080 1173 1126 1225 si
1166 1176 1321 1225 tanta
1361 1172 1555 1241 cupido
1597 1174 1703 1240 est,

149 1247 306 1302 Exuo
347 1249 558 1316 regales
597 1247 842 1314 habitus,
881 1250 941 1299 tu
981 1246 1194 1299 Lernan
1233 1250 1287 1298 et
1324 1244 1505 1316 Argos

154 1320 315 1374 Solus
346 1320 537 1373 habel'
577 1319 704 1373 Non
736 1322 900 1372 verba
931 1321 1108 1388 magis
1143 1320 1427 1372 suadentia
1458 1320 1720 1388 frangunt
1763 1332 1851 1373 435

155 1395 451 1463 AccenSOS,
492 1394 825 1463 sumptisque
865 1394 1035 1447 semel
1076 1393 1359 1446 conatibus
1401 1394 1646 1462 obstant,

158 1467 333 1531 Quam
373 1467 577 1537 Scytha
616 1468 852 1520 curvatis
894 1470 1103 1521 erectus
1142 1467 1395 1520 fluctibus
1437 1485 1693 1536 umquam

158 1542 367 1596 Pontus
409 1540 660 1611 Cyaneos
700 1542 874 1594 vetuit
913 1559 1229 1594 concurrere
1270 1546 1498 1594 montes.

160 1616 238 1670 Ut
275 1617 500 1685 periisse
539 1634 726 1686 preces
767 1617 1116 1685 geminosque
1158 1615 1223 1668 ad
1265 1615 1471 1683 proelia
1508 1616 1657 1669 fusos

161 1690 391 1743 Pulvere
432 1690 744 1758 cornipedes
786 1690 1161 1759 explorarique
1201 1689 1474 1742 furentum
1768 1702 1854 1742 440

161 1763 226 1817 In
266 1764 453 1833 digitis
494 1767 711 1818 amenta
749 1764 919 1832 videt,
958 1763 1101 1833 fugit
1141 1764 1325 1816 omnia
1363 1763 1611 1832 linquens

165 1837 382 1904 Castra,
422 1838 587 1905 virOS,
630 1854 912 1906 generum,
953 1837 1188 1904 ThebaS,
1230 1855 1292 1889 ac
1330 1837 1447 1889 fata
1488 1841 1796 1890 monentem

165 1910 603 1979 Conversumque
644 1912 772 1980 iugo
812 1911 1071 1979 propellit
1111 1911 1337 1962 Ariona:
1380 1911 1554 1979 qualis

165 1985 446 2038 Demissus
489 2002 647 2037 curru
685 1985 872 2038 laevae
912 1988 1037 2051 post
1075 1984 1318 2052 praemia
1359 1985 1521 2036 sortis

164 2057 498 2112 Umbrarum
538 2061 720 2111 custos
759 2058 1051 2126 mundique
1090 2057 1417 2110 novissimus
1457 2057 1614 2110 heres
1770 2071 1855 2111 445

165 2131 388 2200 Palluit,
431 2132 631 2186 amisso
670 2132 891 2185 veniens
930 2132 988 2184 in
1029 2131 1258 2184 Tartara
1298 2132 1463 2184 caelo.

284 2298 370 2337 428
396 2306 463 2347 sq.
500 2291 622 2336 ‘Sed
646 2318 701 2324 —
727 2292 902 2336 honos’
938 2292 1221 2337 Priscian.
1254 2290 1319 2334 III
1350 2296 1378 2336 4
1408 2305 1452 2348 p.
1488 2296 1561 2347 85,
1595 2297 1619 2336 7
1651 2291 1707 2334 H.

286 2430 375 2469 424
421 2424 533 2468 Illos
580 2425 629 2467 in
675 2424 890 2470 stimulos
930 2430 963 2468 P
1002 2430 1006 2474 Ι
1043 2425 1317 2470 discrimina
1363 2425 1515 2469 certos
1562 2429 1594 2467 P
1632 2427 1648 2480 ΙΙ
1686 2429 1772 2469 427
1813 2426 1861 2468 et

167 2485 324 2541 regnis
356 2488 468 2538 PGp
502 2485 684 2541 Anylic.
715 2483 873 2540 regnis
905 2484 1060 2527 Bam
1089 2485 1105 2540 ΙΙ
1136 2489 1223 2529 428
1257 2483 1349 2528 Sed
1393 2483 1497 2539 quis
1536 2484 1816 2529 Bernartius
1852 2484 1855 2536 Ι

171 2557 291 2600 quae
341 2556 436 2587 non
474 2556 559 2586 sua
601 2543 748 2588 Prisc.
789 2557 910 2587 nunc
951 2557 1035 2587 sua
1072 2548 1105 2585 P
1143 2544 1157 2599 ΙΙ
1195 2548 1282 2587 429
1331 2543 1473 2587 Exter
1517 2542 1665 2586 honos
1711 2540 1861 2583 PG'E

172 2603 303 2648 Leid.
341 2603 488 2647 Prisc.
521 2600 749 2646 Externos
781 2606 869 2645 Bu
899 2601 1118 2646 Alternos
1144 2603 1326 2660 Anylie.
1358 2602 1585 2647 Heinsius
1622 2617 1653 2655 g
1691 2601 1768 2657 (al.
1802 2614 1858 2644 m.

172 2675 402 2719 suprascr.
447 2664 468 2703 t
508 2662 742 2717 externos)
786 2661 1045 2706 Gronovius
1082 2661 1086 2719 Ι
1122 2674 1234 2718 ergo
1281 2661 1370 2705 hoc
1407 2665 1486 2703 PG
1524 2660 1703 2718 Anylic.
1747 2671 1859 2716 ergo

146 2721 328 2796 2⁰²³
366 2723 380 2778 ΙΙ
420 2725 505 2765 432
557 2718 846 2776 Quamquam
884 2720 1010 2764 haud
1047 2720 1118 2764 ira
1157 2719 1283 2764 sinat
1320 2720 1548 2765 Barthius
1589 2721 1596 2775 Ι
1637 2718 1743 2774 loge
1782 2722 1815 2760 P
1847 2718 1859 2775 l}

174 2827 261 2868 434
289 2782 485 2878 lgmean
515 2828 547 2866 P
581 2822 596 2866 i
632 2823 796 2867 lernau
827 2823 939 2867 (ΡΠ
969 2822 986 2866 i
1018 2823 1197 2869 lernam
1227 2828 1261 2867 B
1300 2826 1315 2882 ΙΙ
1354 2829 1441 2867 439
1474 2806 1753 2878 geminoque
1782 2826 1816 2865 P
1845 2822 1861 2879 11

175 2886 261 2926 440
295 2883 646 2940 exploravitque
677 2887 709 2925 P
