<?xml version="1.0" encoding="UTF-8"?>
<!DOCTYPE html PUBLIC "-//W3C//DTD XHTML 1.0 Transitional//EN"
    "http://www.w3.org/TR/xhtml1/DTD/xhtml1-transitional.dtd">
<html xmlns="http://www.w3.org/1999/xhtml" xml:lang="en" lang="en">
 <head>
  <title>
</title>
<meta http-equiv="Content-Type" content="text/html;charset=utf-8" />
  <meta name='ocr-system' content='tesseract 3.04.00' />
  <meta name='ocr-capabilities' content='ocr_page ocr_carea ocr_par ocr_line ocrx_word'/>
</head>
<body>
  <div class='ocr_page' id='page_1' title='image "./operapapinius212statuoft_0017.png"; bbox 0 0 1942 3190; ppageno 0'>
   <div class='ocr_carea' id='block_1_1' title="bbox 628 183 1822 233">
    <p class='ocr_par' dir='ltr' id='par_1_1' title="bbox 628 183 1822 233">
     <span class='ocr_line' id='line_1_1' title="bbox 628 183 1822 233; baseline -0.005 0"><span class='ocrx_word' id='word_1_1' title='bbox 628 185 911 233; x_wconf 86' lang='lat' dir='ltr'><strong>EDITORIS</strong></span> <span class='ocrx_word' id='word_1_2' title='bbox 942 183 1307 230; x_wconf 81' lang='lat' dir='ltr'>PRAEFATIO.</span> <span class='ocrx_word' id='word_1_3' title='bbox 1757 183 1822 228; x_wconf 91' lang='lat' dir='ltr'>XI</span> 
     </span>
    </p>
   </div>
   <div class='ocr_carea' id='block_1_2' title="bbox 104 303 1831 2526">
    <p class='ocr_par' dir='ltr' id='par_1_2' title="bbox 124 303 1828 1416">
     <span class='ocr_line' id='line_1_2' title="bbox 124 303 1821 378; baseline -0.006 -12"><span class='ocrx_word' id='word_1_4' title='bbox 124 312 279 366; x_wconf 85' lang='lat' dir='ltr'>nulla</span> <span class='ocrx_word' id='word_1_5' title='bbox 323 313 499 364; x_wconf 85' lang='lat' dir='ltr'>exstat</span> <span class='ocrx_word' id='word_1_6' title='bbox 545 307 891 378; x_wconf 74' lang='lat' dir='ltr'><strong>subscriptio,</strong></span> <span class='ocrx_word' id='word_1_7' title='bbox 947 309 1131 360; x_wconf 84' lang='lat' dir='ltr'>tamen</span> <span class='ocrx_word' id='word_1_8' title='bbox 1176 303 1364 374; x_wconf 79' lang='lat' dir='ltr'>¹spatio</span> <span class='ocrx_word' id='word_1_9' title='bbox 1411 303 1599 359; x_wconf 90' lang='lat' dir='ltr'>relicto</span> <span class='ocrx_word' id='word_1_10' title='bbox 1653 304 1821 357; x_wconf 90' lang='lat' dir='ltr'>libros</span> 
     </span>
     <span class='ocr_line' id='line_1_3' title="bbox 127 379 1822 456; baseline -0.006 -15"><span class='ocrx_word' id='word_1_11' title='bbox 127 385 388 456; x_wconf 76' lang='lat' dir='ltr'>distingui</span> <span class='ocrx_word' id='word_1_12' title='bbox 427 384 776 438; x_wconf 88' lang='lat' dir='ltr'>manifestum</span> <span class='ocrx_word' id='word_1_13' title='bbox 815 385 921 449; x_wconf 89' lang='lat' dir='ltr'>est,</span> <span class='ocrx_word' id='word_1_14' title='bbox 961 380 1281 451; x_wconf 88' lang='lat' dir='ltr'>praesertim</span> <span class='ocrx_word' id='word_1_15' title='bbox 1313 398 1435 433; x_wconf 92' lang='lat' dir='ltr'>cum</span> <span class='ocrx_word' id='word_1_16' title='bbox 1473 379 1623 432; x_wconf 85' lang='lat' dir='ltr'>nulla</span> <span class='ocrx_word' id='word_1_17' title='bbox 1663 379 1822 430; x_wconf 87' lang='lat' dir='ltr'>antea</span> 
     </span>
     <span class='ocr_line' id='line_1_4' title="bbox 125 451 1824 526; baseline -0.006 -12"><span class='ocrx_word' id='word_1_18' title='bbox 125 460 433 514; x_wconf 87' lang='lat' dir='ltr'>inveniatur</span> <span class='ocrx_word' id='word_1_19' title='bbox 462 454 848 526; x_wconf 57' lang='lat' dir='ltr'>distributim-⁸²)</span> <span class='ocrx_word' id='word_1_20' title='bbox 899 454 1015 508; x_wconf 89' lang='lat' dir='ltr'>Nec</span> <span class='ocrx_word' id='word_1_21' title='bbox 1046 454 1285 507; x_wconf 89' lang='lat' dir='ltr'>dubitari</span> <span class='ocrx_word' id='word_1_22' title='bbox 1314 455 1514 523; x_wconf 75' lang='lat' dir='ltr'>potest,</span> <span class='ocrx_word' id='word_1_23' title='bbox 1554 451 1684 522; x_wconf 89' lang='lat' dir='ltr'>quin</span> <span class='ocrx_word' id='word_1_24' title='bbox 1715 452 1824 505; x_wconf 89' lang='lat' dir='ltr'>ista</span> 
     </span>
     <span class='ocr_line' id='line_1_5' title="bbox 126 527 1823 600; baseline -0.006 -12"><span class='ocrx_word' id='word_1_25' title='bbox 126 535 392 588; x_wconf 89' lang='lat' dir='ltr'>librorum</span> <span class='ocrx_word' id='word_1_26' title='bbox 431 532 721 600; x_wconf 72' lang='lat' dir='ltr'>descriptio</span> <span class='ocrx_word' id='word_1_27' title='bbox 763 530 834 583; x_wconf 92' lang='lat' dir='ltr'>sit</span> <span class='ocrx_word' id='word_1_28' title='bbox 871 529 1191 598; x_wconf 80' lang='lat' dir='ltr'>rectissima,</span> <span class='ocrx_word' id='word_1_29' title='bbox 1231 546 1350 581; x_wconf 88' lang='lat' dir='ltr'>cum</span> <span class='ocrx_word' id='word_1_30' title='bbox 1389 546 1489 580; x_wconf 88' lang='lat' dir='ltr'>nec</span> <span class='ocrx_word' id='word_1_31' title='bbox 1527 527 1627 579; x_wconf 85' lang='lat' dir='ltr'>illa</span> <span class='ocrx_word' id='word_1_32' title='bbox 1661 544 1823 596; x_wconf 89' lang='lat' dir='ltr'>quam</span> 
     </span>
     <span class='ocr_line' id='line_1_6' title="bbox 126 601 1822 675; baseline -0.006 -13"><span class='ocrx_word' id='word_1_33' title='bbox 126 608 390 662; x_wconf 76' lang='lat' dir='ltr'>editiones</span> <span class='ocrx_word' id='word_1_34' title='bbox 422 605 810 675; x_wconf 89' lang='lat' dir='ltr'>Lindenbrogii</span> <span class='ocrx_word' id='word_1_35' title='bbox 843 607 897 657; x_wconf 89' lang='lat' dir='ltr'>et</span> <span class='ocrx_word' id='word_1_36' title='bbox 928 602 1115 657; x_wconf 84' lang='lat' dir='ltr'>Crucei</span> <span class='ocrx_word' id='word_1_37' title='bbox 1146 602 1439 655; x_wconf 86' lang='lat' dir='ltr'>exhibeant</span> <span class='ocrx_word' id='word_1_38' title='bbox 1469 601 1822 671; x_wconf 89' lang='lat' dir='ltr'>quinqueper-</span> 
     </span>
     <span class='ocr_line' id='line_1_7' title="bbox 125 675 1825 742; baseline -0.006 -6"><span class='ocrx_word' id='word_1_39' title='bbox 125 682 230 735; x_wconf 88' lang='lat' dir='ltr'>tita</span> <span class='ocrx_word' id='word_1_40' title='bbox 283 681 410 734; x_wconf 92' lang='lat' dir='ltr'>ullis</span> <span class='ocrx_word' id='word_1_41' title='bbox 463 682 733 734; x_wconf 91' lang='lat' dir='ltr'>bonorum</span> <span class='ocrx_word' id='word_1_42' title='bbox 780 678 1024 731; x_wconf 91' lang='lat' dir='ltr'>codicum</span> <span class='ocrx_word' id='word_1_43' title='bbox 1077 676 1415 729; x_wconf 84' lang='lat' dir='ltr'>adminiculis</span> <span class='ocrx_word' id='word_1_44' title='bbox 1462 675 1825 742; x_wconf 83' lang='lat' dir='ltr'>confirmetur,</span> 
     </span>
     <span class='ocr_line' id='line_1_8' title="bbox 129 747 1824 823; baseline -0.005 -14"><span class='ocrx_word' id='word_1_45' title='bbox 129 758 186 810; x_wconf 92' lang='lat' dir='ltr'>et</span> <span class='ocrx_word' id='word_1_46' title='bbox 217 774 281 808; x_wconf 88' lang='lat' dir='ltr'>ea</span> <span class='ocrx_word' id='word_1_47' title='bbox 320 772 455 823; x_wconf 86' lang='lat' dir='ltr'>quae</span> <span class='ocrx_word' id='word_1_48' title='bbox 486 754 649 823; x_wconf 92' lang='lat' dir='ltr'>vulgo</span> <span class='ocrx_word' id='word_1_49' title='bbox 689 753 747 805; x_wconf 90' lang='lat' dir='ltr'>in</span> <span class='ocrx_word' id='word_1_50' title='bbox 787 751 1112 805; x_wconf 87' lang='lat' dir='ltr'>editionibus</span> <span class='ocrx_word' id='word_1_51' title='bbox 1144 751 1360 821; x_wconf 90' lang='lat' dir='ltr'>legatur</span> <span class='ocrx_word' id='word_1_52' title='bbox 1388 749 1652 819; x_wconf 88' lang='lat' dir='ltr'>bipartita</span> <span class='ocrx_word' id='word_1_53' title='bbox 1683 747 1824 801; x_wconf 89' lang='lat' dir='ltr'>codi-</span> 
     </span>
     <span class='ocr_line' id='line_1_9' title="bbox 127 821 1824 895; baseline -0.005 -12"><span class='ocrx_word' id='word_1_54' title='bbox 127 830 278 883; x_wconf 84' lang='lat' dir='ltr'>cibus</span> <span class='ocrx_word' id='word_1_55' title='bbox 317 831 530 882; x_wconf 86' lang='lat' dir='ltr'>tantum</span> <span class='ocrx_word' id='word_1_56' title='bbox 569 826 924 880; x_wconf 89' lang='lat' dir='ltr'>deterioribus</span> <span class='ocrx_word' id='word_1_57' title='bbox 962 826 1192 878; x_wconf 87' lang='lat' dir='ltr'>nitatur:</span> <span class='ocrx_word' id='word_1_58' title='bbox 1246 842 1409 895; x_wconf 89' lang='lat' dir='ltr'>quam</span> <span class='ocrx_word' id='word_1_59' title='bbox 1446 842 1561 876; x_wconf 91' lang='lat' dir='ltr'>rem</span> <span class='ocrx_word' id='word_1_60' title='bbox 1600 825 1654 875; x_wconf 92' lang='lat' dir='ltr'>et</span> <span class='ocrx_word' id='word_1_61' title='bbox 1693 821 1824 875; x_wconf 88' lang='lat' dir='ltr'>Otto</span> 
     </span>
     <span class='ocr_line' id='line_1_10' title="bbox 126 894 1826 971; baseline -0.005 -15"><span class='ocrx_word' id='word_1_62' title='bbox 126 903 419 957; x_wconf 88' lang='lat' dir='ltr'>Muellerus</span> <span class='ocrx_word' id='word_1_63' title='bbox 466 903 702 956; x_wconf 91' lang='lat' dir='ltr'>breviter</span> <span class='ocrx_word' id='word_1_64' title='bbox 758 901 943 971; x_wconf 88' lang='lat' dir='ltr'>attigit</span> <span class='ocrx_word' id='word_1_65' title='bbox 996 898 1184 970; x_wconf 88' lang='lat' dir='ltr'>(praef.</span> <span class='ocrx_word' id='word_1_66' title='bbox 1230 917 1282 968; x_wconf 88' lang='lat' dir='ltr'>p.</span> <span class='ocrx_word' id='word_1_67' title='bbox 1326 897 1463 951; x_wconf 92' lang='lat' dir='ltr'>XIII</span> <span class='ocrx_word' id='word_1_68' title='bbox 1514 894 1639 967; x_wconf 84' lang='lat' dir='ltr'>sq.)‚</span> <span class='ocrx_word' id='word_1_69' title='bbox 1692 896 1826 949; x_wconf 88' lang='lat' dir='ltr'>duos</span> 
     </span>
     <span class='ocr_line' id='line_1_11' title="bbox 126 971 1827 1122; baseline -0.005 -17"><span class='ocrx_word' id='word_1_70' title='bbox 126 974 1240 1122; x_wconf 44' lang='lat' dir='ltr'>{ffrffiffssiffissimxffffisvrssPis-{Enss&#39;qgss</span> <span class='ocrx_word' id='word_1_71' title='bbox 1263 971 1827 1100; x_wconf 49' lang='lat' dir='ltr'>ipsssrifflssfiuffleffssiss</span> 
     </span>
     <span class='ocr_line' id='line_1_12' title="bbox 133 1119 1828 1196; baseline -0.004 -17"><span class='ocrx_word' id='word_1_72' title='bbox 133 1125 268 1196; x_wconf 90' lang='lat' dir='ltr'><strong>(VII</strong></span> <span class='ocrx_word' id='word_1_73' title='bbox 308 1125 379 1179; x_wconf 83' lang='lat'>65</span> <span class='ocrx_word' id='word_1_74' title='bbox 417 1144 468 1194; x_wconf 88' lang='lat' dir='ltr'>p.</span> <span class='ocrx_word' id='word_1_75' title='bbox 502 1125 611 1178; x_wconf 82' lang='grc'>342</span> <span class='ocrx_word' id='word_1_76' title='bbox 642 1123 736 1196; x_wconf 84' lang='grc' dir='ltr'>Η.)</span> <span class='ocrx_word' id='word_1_77' title='bbox 778 1127 832 1177; x_wconf 87' lang='lat' dir='ltr'>et</span> <span class='ocrx_word' id='word_1_78' title='bbox 868 1123 1146 1193; x_wconf 87' lang='lat' dir='ltr'>Eutyches</span> <span class='ocrx_word' id='word_1_79' title='bbox 1186 1120 1265 1193; x_wconf 84' lang='lat' dir='ltr'>(II</span> <span class='ocrx_word' id='word_1_80' title='bbox 1298 1122 1330 1174; x_wconf 90' lang='grc'>6</span> <span class='ocrx_word' id='word_1_81' title='bbox 1370 1141 1420 1191; x_wconf 90' lang='lat' dir='ltr'>p.</span> <span class='ocrx_word' id='word_1_82' title='bbox 1451 1120 1562 1174; x_wconf 82' lang='lat'>475</span> <span class='ocrx_word' id='word_1_83' title='bbox 1586 1119 1678 1192; x_wconf 89' lang='lat' dir='ltr'>K.)</span> <span class='ocrx_word' id='word_1_84' title='bbox 1718 1137 1828 1172; x_wconf 88' lang='lat' dir='ltr'>cer-</span> 
     </span>
     <span class='ocr_line' id='line_1_13' title="bbox 130 1195 1826 1268; baseline -0.004 -15"><span class='ocrx_word' id='word_1_85' title='bbox 130 1199 329 1253; x_wconf 88' lang='lat' dir='ltr'>tissimi</span> <span class='ocrx_word' id='word_1_86' title='bbox 366 1203 532 1253; x_wconf 90' lang='lat' dir='ltr'>testes</span> <span class='ocrx_word' id='word_1_87' title='bbox 574 1202 717 1268; x_wconf 82' lang='lat' dir='ltr'>sunt,</span> <span class='ocrx_word' id='word_1_88' title='bbox 755 1199 813 1252; x_wconf 89' lang='lat' dir='ltr'>in</span> <span class='ocrx_word' id='word_1_89' title='bbox 844 1198 1118 1252; x_wconf 88' lang='lat' dir='ltr'>codicibus</span> <span class='ocrx_word' id='word_1_90' title='bbox 1153 1214 1287 1250; x_wconf 89' lang='lat' dir='ltr'>saec.</span> <span class='ocrx_word' id='word_1_91' title='bbox 1321 1196 1476 1264; x_wconf 86' lang='lat' dir='ltr'>sexti,</span> <span class='ocrx_word' id='word_1_92' title='bbox 1517 1195 1609 1265; x_wconf 92' lang='lat' dir='ltr'>qui</span> <span class='ocrx_word' id='word_1_93' title='bbox 1638 1213 1826 1249; x_wconf 89' lang='lat' dir='ltr'>versus</span> 
     </span>
     <span class='ocr_line' id='line_1_14' title="bbox 128 1269 1828 1327; baseline -0.003 0"><span class='ocrx_word' id='word_1_94' title='bbox 128 1274 186 1326; x_wconf 89' lang='lat' dir='ltr'>in</span> <span class='ocrx_word' id='word_1_95' title='bbox 226 1274 475 1327; x_wconf 91' lang='lat' dir='ltr'>omnibus</span> <span class='ocrx_word' id='word_1_96' title='bbox 514 1274 624 1326; x_wconf 88' lang='lat' dir='ltr'>fere</span> <span class='ocrx_word' id='word_1_97' title='bbox 665 1273 992 1326; x_wconf 89' lang='lat' dir='ltr'>editionibus</span> <span class='ocrx_word' id='word_1_98' title='bbox 1031 1272 1280 1325; x_wconf 88' lang='lat' dir='ltr'>feruntur</span> <span class='ocrx_word' id='word_1_99' title='bbox 1312 1271 1438 1323; x_wconf 88' lang='lat' dir='ltr'>libri</span> <span class='ocrx_word' id='word_1_100' title='bbox 1469 1270 1522 1323; x_wconf 90' lang='lat' dir='ltr'>H</span> <span class='ocrx_word' id='word_1_101' title='bbox 1558 1270 1678 1323; x_wconf 86' lang='grc'><strong>120.</strong></span> <span class='ocrx_word' id='word_1_102' title='bbox 1703 1269 1828 1322; x_wconf 85' lang='grc'><strong>224.</strong></span> 
     </span>
     <span class='ocr_line' id='line_1_15' title="bbox 131 1345 1434 1416; baseline -0.003 -15"><span class='ocrx_word' id='word_1_103' title='bbox 131 1347 264 1416; x_wconf 83' lang='grc'><strong>225,</strong></span> <span class='ocrx_word' id='word_1_104' title='bbox 305 1366 396 1401; x_wconf 90' lang='lat' dir='ltr'>eos</span> <span class='ocrx_word' id='word_1_105' title='bbox 437 1348 819 1401; x_wconf 88' lang='lat' dir='ltr'>adnumeratos</span> <span class='ocrx_word' id='word_1_106' title='bbox 859 1347 1026 1400; x_wconf 85' lang='lat' dir='ltr'>fuisse</span> <span class='ocrx_word' id='word_1_107' title='bbox 1066 1346 1203 1399; x_wconf 91' lang='lat' dir='ltr'>libro</span> <span class='ocrx_word' id='word_1_108' title='bbox 1243 1345 1434 1415; x_wconf 91' lang='lat' dir='ltr'>prim0.</span> 
     </span>
    </p>

    <p class='ocr_par' dir='ltr' id='par_1_3' title="bbox 104 1419 1830 1787">
     <span class='ocr_line' id='line_1_16' title="bbox 280 1419 1829 1491; baseline -0.002 -17"><span class='ocrx_word' id='word_1_109' title='bbox 280 1421 398 1484; x_wconf 80' lang='lat' dir='ltr'>Quo</span> <span class='ocrx_word' id='word_1_110' title='bbox 444 1423 651 1475; x_wconf 85' lang='lat' dir='ltr'>factum</span> <span class='ocrx_word' id='word_1_111' title='bbox 699 1425 802 1491; x_wconf 82' lang='lat' dir='ltr'>est,</span> <span class='ocrx_word' id='word_1_112' title='bbox 855 1423 917 1473; x_wconf 89' lang='lat' dir='ltr'>ut</span> <span class='ocrx_word' id='word_1_113' title='bbox 962 1422 1019 1473; x_wconf 91' lang='lat' dir='ltr'>in</span> <span class='ocrx_word' id='word_1_114' title='bbox 1064 1420 1167 1473; x_wconf 91' lang='lat' dir='ltr'>hac</span> <span class='ocrx_word' id='word_1_115' title='bbox 1213 1423 1404 1473; x_wconf 88' lang='lat' dir='ltr'>nostra</span> <span class='ocrx_word' id='word_1_116' title='bbox 1442 1419 1677 1472; x_wconf 87' lang='lat' dir='ltr'>editione</span> <span class='ocrx_word' id='word_1_117' title='bbox 1716 1436 1829 1471; x_wconf 88' lang='lat' dir='ltr'>ver·</span> 
     </span>
     <span class='ocr_line' id='line_1_17' title="bbox 134 1492 1828 1564; baseline -0.002 -16"><span class='ocrx_word' id='word_1_118' title='bbox 134 1513 290 1548; x_wconf 91' lang='lat' dir='ltr'>suum</span> <span class='ocrx_word' id='word_1_119' title='bbox 327 1513 580 1548; x_wconf 89' lang='lat' dir='ltr'>numeros</span> <span class='ocrx_word' id='word_1_120' title='bbox 622 1495 757 1548; x_wconf 90' lang='lat' dir='ltr'>alios</span> <span class='ocrx_word' id='word_1_121' title='bbox 797 1495 1042 1547; x_wconf 85' lang='lat' dir='ltr'>invenias</span> <span class='ocrx_word' id='word_1_122' title='bbox 1083 1497 1246 1564; x_wconf 87' lang='lat' dir='ltr'>atque</span> <span class='ocrx_word' id='word_1_123' title='bbox 1288 1496 1446 1546; x_wconf 88' lang='lat' dir='ltr'>antea</span> <span class='ocrx_word' id='word_1_124' title='bbox 1475 1493 1654 1546; x_wconf 85' lang='lat' dir='ltr'>not-ati</span> <span class='ocrx_word' id='word_1_125' title='bbox 1694 1492 1828 1562; x_wconf 76' lang='lat' dir='ltr'>sint3</span> 
     </span>
     <span class='ocr_line' id='line_1_18' title="bbox 104 1567 1830 1639; baseline -0.001 -19"><span class='ocrx_word' id='word_1_126' title='bbox 104 1568 225 1622; x_wconf 81' lang='lat' dir='ltr'>sed</span> <span class='ocrx_word' id='word_1_127' title='bbox 256 1571 318 1621; x_wconf 91' lang='lat' dir='ltr'>ut</span> <span class='ocrx_word' id='word_1_128' title='bbox 348 1570 540 1622; x_wconf 89' lang='lat' dir='ltr'>melius</span> <span class='ocrx_word' id='word_1_129' title='bbox 578 1570 819 1639; x_wconf 89' lang='lat' dir='ltr'>legentes</span> <span class='ocrx_word' id='word_1_130' title='bbox 844 1569 1027 1621; x_wconf 90' lang='lat' dir='ltr'>libello</span> <span class='ocrx_word' id='word_1_131' title='bbox 1058 1567 1139 1620; x_wconf 90' lang='lat' dir='ltr'>uti</span> <span class='ocrx_word' id='word_1_132' title='bbox 1162 1567 1399 1636; x_wconf 85' lang='lat' dir='ltr'>possint,</span> <span class='ocrx_word' id='word_1_133' title='bbox 1436 1584 1689 1620; x_wconf 90' lang='lat' dir='ltr'>numeros</span> <span class='ocrx_word' id='word_1_134' title='bbox 1727 1584 1830 1619; x_wconf 87' lang='lat' dir='ltr'>usu</span> 
     </span>
     <span class='ocr_line' id='line_1_19' title="bbox 129 1640 1827 1713; baseline -0.002 -18"><span class='ocrx_word' id='word_1_135' title='bbox 129 1645 374 1712; x_wconf 87' lang='lat' dir='ltr'>receptos</span> <span class='ocrx_word' id='word_1_136' title='bbox 413 1643 474 1695; x_wconf 91' lang='lat' dir='ltr'>in</span> <span class='ocrx_word' id='word_1_137' title='bbox 511 1644 667 1696; x_wconf 91' lang='lat' dir='ltr'>laevo</span> <span class='ocrx_word' id='word_1_138' title='bbox 706 1642 954 1713; x_wconf 86' lang='lat' dir='ltr'>margine</span> <span class='ocrx_word' id='word_1_139' title='bbox 994 1642 1265 1694; x_wconf 86' lang='lat' dir='ltr'>addendos</span> <span class='ocrx_word' id='word_1_140' title='bbox 1306 1641 1502 1710; x_wconf 86' lang='lat' dir='ltr'>curavi,</span> <span class='ocrx_word' id='word_1_141' title='bbox 1541 1640 1713 1694; x_wconf 88' lang='lat' dir='ltr'>literis</span> <span class='ocrx_word' id='word_1_142' title='bbox 1753 1643 1827 1693; x_wconf 90' lang='lat' dir='ltr'>te·</span> 
     </span>
     <span class='ocr_line' id='line_1_20' title="bbox 130 1715 1375 1787; baseline -0.002 -17"><span class='ocrx_word' id='word_1_143' title='bbox 130 1717 412 1770; x_wconf 90' lang='lat' dir='ltr'>nuioribus</span> <span class='ocrx_word' id='word_1_144' title='bbox 453 1719 508 1770; x_wconf 91' lang='lat' dir='ltr'>et</span> <span class='ocrx_word' id='word_1_145' title='bbox 545 1717 769 1787; x_wconf 89' lang='lat' dir='ltr'>paulum</span> <span class='ocrx_word' id='word_1_146' title='bbox 807 1716 1080 1770; x_wconf 89' lang='lat' dir='ltr'>inclinatis</span> <span class='ocrx_word' id='word_1_147' title='bbox 1120 1715 1375 1785; x_wconf 88' lang='lat' dir='ltr'>depictos.</span> 
     </span>
    </p>

    <p class='ocr_par' dir='ltr' id='par_1_4' title="bbox 131 1787 1829 2140">
     <span class='ocr_line' id='line_1_21' title="bbox 276 1787 1826 1861; baseline -0.003 -17"><span class='ocrx_word' id='word_1_148' title='bbox 276 1789 353 1843; x_wconf 88' lang='lat' dir='ltr'>Et</span> <span class='ocrx_word' id='word_1_149' title='bbox 388 1791 523 1844; x_wconf 90' lang='lat' dir='ltr'>haec</span> <span class='ocrx_word' id='word_1_150' title='bbox 562 1791 775 1861; x_wconf 87' lang='lat' dir='ltr'>quidem</span> <span class='ocrx_word' id='word_1_151' title='bbox 816 1791 880 1843; x_wconf 89' lang='lat' dir='ltr'>de</span> <span class='ocrx_word' id='word_1_152' title='bbox 920 1791 1124 1860; x_wconf 89' lang='lat' dir='ltr'>optimo</span> <span class='ocrx_word' id='word_1_153' title='bbox 1165 1789 1408 1843; x_wconf 89' lang='lat' dir='ltr'>codicum</span> <span class='ocrx_word' id='word_1_154' title='bbox 1448 1805 1656 1859; x_wconf 86' lang='lat' dir='ltr'>genere.</span> <span class='ocrx_word' id='word_1_155' title='bbox 1733 1787 1826 1841; x_wconf 94' lang='lat' dir='ltr'>Al-</span> 
     </span>
     <span class='ocr_line' id='line_1_22' title="bbox 131 1861 1827 1934; baseline -0.001 -18"><span class='ocrx_word' id='word_1_156' title='bbox 131 1865 300 1917; x_wconf 89' lang='lat' dir='ltr'>terius</span> <span class='ocrx_word' id='word_1_157' title='bbox 323 1867 491 1918; x_wconf 88' lang='lat' dir='ltr'>testes</span> <span class='ocrx_word' id='word_1_158' title='bbox 525 1883 581 1918; x_wconf 89' lang='lat' dir='ltr'>se</span> <span class='ocrx_word' id='word_1_159' title='bbox 621 1866 885 1933; x_wconf 89' lang='lat' dir='ltr'>praebent</span> <span class='ocrx_word' id='word_1_160' title='bbox 922 1863 1335 1918; x_wconf 88' lang='lat' dir='ltr'>Trevirensis</span> <span class='ocrx_word' id='word_1_161' title='bbox 1376 1861 1445 1934; x_wconf 76' lang='lat' dir='ltr'>(t)</span> <span class='ocrx_word' id='word_1_162' title='bbox 1485 1862 1827 1916; x_wconf 86' lang='lat' dir='ltr'>Parisinus</span> 
     </span>
     <span class='ocr_line' id='line_1_23' title="bbox 134 1934 1828 2009; baseline -0.001 -19"><span class='ocrx_word' id='word_1_163' title='bbox 134 1937 280 1991; x_wconf 90' lang='grc'><strong>8052</strong></span> <span class='ocrx_word' id='word_1_164' title='bbox 333 1936 417 2009; x_wconf 84' lang='lat' dir='ltr'>(p)</span> <span class='ocrx_word' id='word_1_165' title='bbox 474 1937 804 2007; x_wconf 83' lang='lat' dir='ltr'>Gudianus</span> <span class='ocrx_word' id='word_1_166' title='bbox 856 1939 928 1992; x_wconf 83' lang='lat'>52</span> <span class='ocrx_word' id='word_1_167' title='bbox 981 1936 1081 2009; x_wconf 77' lang='lat' dir='ltr'>(G)</span> <span class='ocrx_word' id='word_1_168' title='bbox 1131 1937 1679 1990; x_wconf 88' lang='lat' dir='ltr'>Helmstadiensis</span> <span class='ocrx_word' id='word_1_169' title='bbox 1727 1934 1828 2007; x_wconf 82' lang='lat' dir='ltr'>(H)</span> 
     </span>
     <span class='ocr_line' id='line_1_24' title="bbox 132 2009 1829 2083; baseline -0.001 -20"><span class='ocrx_word' id='word_1_170' title='bbox 132 2009 667 2065; x_wconf 90' lang='lat' dir='ltr'>Dommerichian</span> <span class='ocrx_word' id='word_1_171' title='bbox 682 2032 752 2066; x_wconf 88' lang='lat' dir='ltr'>us</span> <span class='ocrx_word' id='word_1_172' title='bbox 779 2010 897 2083; x_wconf 85' lang='lat' dir='ltr'>(D);</span> <span class='ocrx_word' id='word_1_173' title='bbox 936 2012 1027 2082; x_wconf 91' lang='lat' dir='ltr'>qui</span> <span class='ocrx_word' id='word_1_174' title='bbox 1060 2012 1267 2065; x_wconf 90' lang='lat' dir='ltr'>codices</span> <span class='ocrx_word' id='word_1_175' title='bbox 1300 2011 1394 2064; x_wconf 91' lang='lat' dir='ltr'>ubi</span> <span class='ocrx_word' id='word_1_176' title='bbox 1425 2011 1566 2065; x_wconf 88' lang='lat' dir='ltr'>inter</span> <span class='ocrx_word' id='word_1_177' title='bbox 1604 2028 1661 2063; x_wconf 92' lang='lat' dir='ltr'>se</span> <span class='ocrx_word' id='word_1_178' title='bbox 1702 2027 1829 2063; x_wconf 87' lang='lat' dir='ltr'>con-</span> 
     </span>
     <span class='ocr_line' id='line_1_25' title="bbox 134 2085 1004 2140; baseline 0.002 -3"><span class='ocrx_word' id='word_1_179' title='bbox 134 2085 375 2138; x_wconf 88' lang='lat' dir='ltr'>sentiunt</span> <span class='ocrx_word' id='word_1_180' title='bbox 411 2087 570 2140; x_wconf 88' lang='lat' dir='ltr'>litera</span> <span class='ocrx_word' id='word_1_181' title='bbox 607 2094 666 2140; x_wconf 81' lang='lat' dir='ltr'>M</span> <span class='ocrx_word' id='word_1_182' title='bbox 702 2105 830 2140; x_wconf 89' lang='lat' dir='ltr'>usus</span> <span class='ocrx_word' id='word_1_183' title='bbox 872 2105 1004 2139; x_wconf 89' lang='lat' dir='ltr'>sum.</span> 
     </span>
    </p>

    <p class='ocr_par' dir='ltr' id='par_1_5' title="bbox 130 2157 1831 2526">
     <span class='ocr_line' id='line_1_26' title="bbox 283 2157 1828 2231; baseline -0.001 -19"><span class='ocrx_word' id='word_1_184' title='bbox 283 2157 426 2213; x_wconf 86' lang='lat' dir='ltr'>Cod.</span> <span class='ocrx_word' id='word_1_185' title='bbox 474 2161 888 2214; x_wconf 85' lang='lat' dir='ltr'>Trevirensis</span> <span class='ocrx_word' id='word_1_186' title='bbox 945 2158 1291 2231; x_wconf 86' lang='lat' dir='ltr'>(LXXXXIb</span> <span class='ocrx_word' id='word_1_187' title='bbox 1343 2160 1474 2213; x_wconf 87' lang='lat' dir='ltr'>bibl.</span> <span class='ocrx_word' id='word_1_188' title='bbox 1536 2158 1678 2228; x_wconf 87' lang='lat' dir='ltr'>urb.)</span> <span class='ocrx_word' id='word_1_189' title='bbox 1732 2158 1828 2211; x_wconf 88' lang='lat' dir='ltr'>mi-</span> 
     </span>
     <span class='ocr_line' id='line_1_27' title="bbox 133 2232 1831 2304; baseline -0.001 -19"><span class='ocrx_word' id='word_1_190' title='bbox 133 2234 349 2286; x_wconf 87' lang='lat' dir='ltr'>scellan.</span> <span class='ocrx_word' id='word_1_191' title='bbox 372 2235 681 2304; x_wconf 73' lang='lat' dir='ltr'>membran,</span> <span class='ocrx_word' id='word_1_192' title='bbox 721 2252 857 2288; x_wconf 90' lang='lat' dir='ltr'>saec.</span> <span class='ocrx_word' id='word_1_193' title='bbox 898 2234 1036 2287; x_wconf 89' lang='lat' dir='ltr'>sicut</span> <span class='ocrx_word' id='word_1_194' title='bbox 1072 2232 1132 2286; x_wconf 88' lang='lat' dir='ltr'>F.</span> <span class='ocrx_word' id='word_1_195' title='bbox 1170 2233 1234 2288; x_wconf 91' lang='lat' dir='ltr'>X.</span> <span class='ocrx_word' id='word_1_196' title='bbox 1265 2233 1499 2286; x_wconf 90' lang='lat' dir='ltr'>Krausio</span> <span class='ocrx_word' id='word_1_197' title='bbox 1539 2234 1714 2286; x_wconf 91' lang='lat' dir='ltr'>visum</span> <span class='ocrx_word' id='word_1_198' title='bbox 1747 2234 1831 2285; x_wconf 89' lang='lat' dir='ltr'>est</span> 
     </span>
     <span class='ocr_line' id='line_1_28' title="bbox 130 2305 1825 2378; baseline -0.001 -19"><span class='ocrx_word' id='word_1_199' title='bbox 130 2305 260 2360; x_wconf 83' lang='grc' dir='ltr'>ΧΠ0</span> <span class='ocrx_word' id='word_1_200' title='bbox 297 2308 383 2360; x_wconf 93' lang='lat' dir='ltr'>vel</span> <span class='ocrx_word' id='word_1_201' title='bbox 427 2307 584 2361; x_wconf 84' lang='grc' dir='ltr'>ΧΠΙο</span> <span class='ocrx_word' id='word_1_202' title='bbox 631 2312 902 2377; x_wconf 78' lang='lat' dir='ltr'>exaratu8‚</span> <span class='ocrx_word' id='word_1_203' title='bbox 955 2308 1065 2361; x_wconf 88' lang='lat' dir='ltr'>foll.</span> <span class='ocrx_word' id='word_1_204' title='bbox 1112 2308 1144 2360; x_wconf 88' lang='lat'>9</span> <span class='ocrx_word' id='word_1_205' title='bbox 1202 2308 1472 2378; x_wconf 86' lang='lat' dir='ltr'>prioribus</span> <span class='ocrx_word' id='word_1_206' title='bbox 1519 2306 1825 2360; x_wconf 90' lang='lat' dir='ltr'>Achilleida</span> 
     </span>
     <span class='ocr_line' id='line_1_29' title="bbox 131 2381 1826 2450; baseline 0 -17"><span class='ocrx_word' id='word_1_207' title='bbox 131 2381 520 2450; x_wconf 88' lang='lat' dir='ltr'>complectitur.</span> <span class='ocrx_word' id='word_1_208' title='bbox 580 2382 727 2436; x_wconf 89' lang='lat' dir='ltr'>Num</span> <span class='ocrx_word' id='word_1_209' title='bbox 766 2382 1038 2435; x_wconf 87' lang='lat' dir='ltr'>derivatus</span> <span class='ocrx_word' id='word_1_210' title='bbox 1078 2382 1150 2434; x_wconf 91' lang='lat' dir='ltr'>sit</span> <span class='ocrx_word' id='word_1_211' title='bbox 1173 2399 1238 2434; x_wconf 89' lang='lat' dir='ltr'>ex</span> <span class='ocrx_word' id='word_1_212' title='bbox 1260 2384 1474 2434; x_wconf 87' lang='lat' dir='ltr'>vetusto</span> <span class='ocrx_word' id='word_1_213' title='bbox 1515 2382 1611 2434; x_wconf 91' lang='lat' dir='ltr'>illo</span> <span class='ocrx_word' id='word_1_214' title='bbox 1652 2398 1826 2433; x_wconf 82' lang='lat' dir='ltr'>exem-</span> 
     </span>
     <span class='ocr_line' id='line_1_30' title="bbox 136 2454 1829 2526; baseline 0.002 -22"><span class='ocrx_word' id='word_1_215' title='bbox 136 2454 298 2523; x_wconf 85' lang='lat' dir='ltr'>plari,</span> <span class='ocrx_word' id='word_1_216' title='bbox 339 2455 481 2524; x_wconf 90' lang='lat' dir='ltr'>quod</span> <span class='ocrx_word' id='word_1_217' title='bbox 504 2459 566 2509; x_wconf 84' lang='lat' dir='ltr'>ut</span> <span class='ocrx_word' id='word_1_218' title='bbox 590 2475 753 2526; x_wconf 87' lang='lat' dir='ltr'>supra</span> <span class='ocrx_word' id='word_1_219' title='bbox 784 2455 1200 2509; x_wconf 85' lang='lat' dir='ltr'>memoravimus</span> <span class='ocrx_word' id='word_1_220' title='bbox 1226 2455 1521 2508; x_wconf 82' lang='lat' dir='ltr'>Gerbertus</span> <span class='ocrx_word' id='word_1_221' title='bbox 1546 2454 1829 2508; x_wconf 86' lang='lat' dir='ltr'>Remensis</span> 
     </span>
    </p>
   </div>
   <div class='ocr_carea' id='block_1_3' title="bbox 133 2526 1830 2674">
    <p class='ocr_par' dir='ltr' id='par_1_6' title="bbox 133 2526 1830 2674">
     <span class='ocr_line' id='line_1_31' title="bbox 138 2526 1830 2599; baseline 0.001 -20"><span class='ocrx_word' id='word_1_222' title='bbox 138 2526 545 2583; x_wconf 88' lang='lat' dir='ltr'>describendum</span> <span class='ocrx_word' id='word_1_223' title='bbox 608 2533 909 2599; x_wconf 83' lang='lat' dir='ltr'>curaverat,</span> <span class='ocrx_word' id='word_1_224' title='bbox 971 2529 1262 2598; x_wconf 89' lang='lat' dir='ltr'>disceptari</span> <span class='ocrx_word' id='word_1_225' title='bbox 1319 2529 1519 2598; x_wconf 88' lang='lat' dir='ltr'>nequit.</span> <span class='ocrx_word' id='word_1_226' title='bbox 1619 2527 1830 2581; x_wconf 85' lang='lat' dir='ltr'>Desunt</span> 
     </span>
     <span class='ocr_line' id='line_1_32' title="bbox 133 2602 1824 2674; baseline 0.002 -22"><span class='ocrx_word' id='word_1_227' title='bbox 133 2618 318 2653; x_wconf 88' lang='lat' dir='ltr'>versus</span> <span class='ocrx_word' id='word_1_228' title='bbox 365 2603 489 2656; x_wconf 89' lang='lat' dir='ltr'>libri</span> <span class='ocrx_word' id='word_1_229' title='bbox 535 2605 694 2674; x_wconf 91' lang='lat' dir='ltr'>primi</span> <span class='ocrx_word' id='word_1_230' title='bbox 743 2605 866 2657; x_wconf 91' lang='grc'><strong>221.</strong></span> <span class='ocrx_word' id='word_1_231' title='bbox 914 2603 1038 2657; x_wconf 86' lang='grc'><strong>558.</strong></span> <span class='ocrx_word' id='word_1_232' title='bbox 1087 2603 1396 2656; x_wconf 83' lang='grc'><strong>636-721,</strong></span> <span class='ocrx_word' id='word_1_233' title='bbox 1437 2603 1560 2656; x_wconf 88' lang='lat'>900.</span> <span class='ocrx_word' id='word_1_234' title='bbox 1608 2602 1718 2655; x_wconf 86' lang='lat'>930</span> <span class='ocrx_word' id='word_1_235' title='bbox 1762 2632 1824 2640; x_wconf 88' lang='lat'>·-</span> 
     </span>
    </p>
   </div>
   <div class='ocr_carea' id='block_1_4' title="bbox 361 2723 487 2727">
    <p class='ocr_par' dir='ltr' id='par_1_7' title="bbox 361 2723 487 2727">
     <span class='ocr_line' id='line_1_33' title="bbox 361 2723 487 2727; baseline 0 0"><span class='ocrx_word' id='word_1_236' title='bbox 361 2723 487 2727; x_wconf 95' lang='lat' dir='ltr'> </span> 
     </span>
    </p>
   </div>
   <div class='ocr_carea' id='block_1_5' title="bbox 135 2789 1826 2968">
    <p class='ocr_par' dir='ltr' id='par_1_8' title="bbox 135 2789 1826 2968">
     <span class='ocr_line' id='line_1_34' title="bbox 255 2789 1826 2851; baseline 0 -16"><span class='ocrx_word' id='word_1_237' title='bbox 255 2792 299 2847; x_wconf 82' lang='lat'>5)</span> <span class='ocrx_word' id='word_1_238' title='bbox 339 2791 549 2837; x_wconf 86' lang='lat' dir='ltr'>Eandem</span> <span class='ocrx_word' id='word_1_239' title='bbox 595 2792 923 2851; x_wconf 84' lang='lat' dir='ltr'>descriptionis</span> <span class='ocrx_word' id='word_1_240' title='bbox 970 2792 1199 2838; x_wconf 84' lang='lat' dir='ltr'>rationem</span> <span class='ocrx_word' id='word_1_241' title='bbox 1246 2790 1403 2838; x_wconf 87' lang='lat' dir='ltr'>inveni</span> <span class='ocrx_word' id='word_1_242' title='bbox 1442 2791 1492 2837; x_wconf 88' lang='lat' dir='ltr'>in</span> <span class='ocrx_word' id='word_1_243' title='bbox 1539 2791 1638 2837; x_wconf 86' lang='lat' dir='ltr'>cod.</span> <span class='ocrx_word' id='word_1_244' title='bbox 1680 2789 1826 2836; x_wconf 83' lang='lat' dir='ltr'>Paris.</span> 
     </span>
     <span class='ocr_line' id='line_1_35' title="bbox 138 2850 1826 2907; baseline 0.001 -14"><span class='ocrx_word' id='word_1_245' title='bbox 138 2853 304 2904; x_wconf 79' lang='lat'>113243</span> <span class='ocrx_word' id='word_1_246' title='bbox 343 2850 400 2896; x_wconf 87' lang='lat' dir='ltr'>ef.</span> <span class='ocrx_word' id='word_1_247' title='bbox 434 2865 490 2897; x_wconf 86' lang='lat' dir='ltr'>ea</span> <span class='ocrx_word' id='word_1_248' title='bbox 529 2864 646 2907; x_wconf 86' lang='lat' dir='ltr'>quae</span> <span class='ocrx_word' id='word_1_249' title='bbox 686 2853 744 2897; x_wconf 88' lang='lat' dir='ltr'>de</span> <span class='ocrx_word' id='word_1_250' title='bbox 775 2854 864 2898; x_wconf 89' lang='lat' dir='ltr'>hoc</span> <span class='ocrx_word' id='word_1_251' title='bbox 896 2852 1056 2897; x_wconf 87' lang='lat' dir='ltr'>codice</span> <span class='ocrx_word' id='word_1_252' title='bbox 1088 2854 1136 2896; x_wconf 88' lang='lat' dir='ltr'>et</span> <span class='ocrx_word' id='word_1_253' title='bbox 1166 2851 1224 2896; x_wconf 88' lang='lat' dir='ltr'>de</span> <span class='ocrx_word' id='word_1_254' title='bbox 1256 2851 1422 2896; x_wconf 85' lang='lat' dir='ltr'>ceteris</span> <span class='ocrx_word' id='word_1_255' title='bbox 1454 2851 1503 2895; x_wconf 91' lang='lat' dir='ltr'>in</span> <span class='ocrx_word' id='word_1_256' title='bbox 1534 2850 1648 2898; x_wconf 87' lang='lat' dir='ltr'>bibl.</span> <span class='ocrx_word' id='word_1_257' title='bbox 1682 2850 1826 2895; x_wconf 82' lang='lat' dir='ltr'>Paris.</span> 
     </span>
     <span class='ocr_line' id='line_1_36' title="bbox 135 2908 1332 2968; baseline 0.005 -17"><span class='ocrx_word' id='word_1_258' title='bbox 135 2908 384 2955; x_wconf 82' lang='lat' dir='ltr'>asservatis</span> <span class='ocrx_word' id='word_1_259' title='bbox 416 2908 608 2968; x_wconf 84' lang='lat' dir='ltr'>exposui</span> <span class='ocrx_word' id='word_1_260' title='bbox 640 2909 689 2955; x_wconf 89' lang='lat' dir='ltr'>in</span> <span class='ocrx_word' id='word_1_261' title='bbox 719 2911 889 2957; x_wconf 89' lang='lat' dir='ltr'>Philol.</span> <span class='ocrx_word' id='word_1_262' title='bbox 923 2911 1117 2956; x_wconf 89' lang='lat' dir='ltr'><strong>XXXIV</strong></span> <span class='ocrx_word' id='word_1_263' title='bbox 1149 2926 1193 2967; x_wconf 91' lang='lat' dir='ltr'>p.</span> <span class='ocrx_word' id='word_1_264' title='bbox 1231 2916 1332 2957; x_wconf 82' lang='lat'>476.</span> 
     </span>
    </p>
   </div>
  </div>
 </body>
</html>
