2008 3198
672 225 1016 272 THEBAIDOS
1047 226 1159 271 LIB.
1192 225 1226 270 I.
1732 226 1797 278 17

108 349 316 404 Proicit
351 349 678 419 ignotaeque
717 348 940 402 acclinis
979 347 1227 417 postibus
1266 348 1420 402 aulae

110 423 319 478 Invitat
356 426 546 476 tenues
587 422 655 475 ad
694 423 827 476 dura
867 422 1065 476 cubilia
1103 440 1337 476 somnos·

192 497 309 551 Rex
347 497 424 550 ibi
465 497 782 566 tranquille,
822 496 1000 550 medio
1042 496 1106 549 de
1145 497 1320 550 limite
1359 497 1506 551 vitae
1717 508 1803 549 390

112 571 176 624 In
218 571 429 624 senium
466 587 716 641 vergenS,
754 570 986 640 populos
1026 570 1298 624 Adrastus
1336 570 1596 635 habebat,

113 645 282 699 Dives
323 645 440 699 avis
480 648 535 698 et
571 648 802 714 utroque
839 644 1024 697 Iovem
1066 645 1130 698 de
1172 645 1434 714 sanguine
1473 645 1686 698 ducens,

114 719 220 772 Hic
260 737 418 772 sexus
457 718 695 771 melioris
734 719 915 787 inoffi,
956 719 1047 771 sed
1086 719 1239 788 prole
1277 719 1492 772 virebat

114 792 394 862 Feminea,
435 793 651 863 gemino
689 795 944 846 natarum
981 793 1209 862 pignore
1248 793 1435 846 fultus,

116 866 219 920 Cui
258 866 504 920 Phoebus
547 883 775 936 generos
814 865 1141 935 (monstrum
1182 867 1458 920 exitiabile
1499 865 1668 919 dictu!
1720 878 1806 919 395

112 940 242 994 Mox
283 941 540 1010 adaperta
579 939 736 1012 fides)
776 941 890 994 fato
933 941 1159 994 ducente
1199 942 1429 994 canebat

117 1013 561 1085 Saetiger-umque
603 1033 752 1068 suem
793 1019 847 1068 et
885 1015 1096 1068 fulvum
1137 1015 1431 1069 adventare
1470 1016 1697 1068 leonem.

114 1088 178 1142 Id
215 1089 441 1142 volvens
480 1107 590 1142 non
627 1090 744 1158 ipse
782 1092 962 1158 pater,
1001 1108 1112 1142 non
1151 1089 1306 1142 docte
1345 1089 1515 1142 futuri

115 1163 447 1232 Amphiarae
484 1163 635 1216 vides
677 1161 904 1234 (etenim
942 1166 1093 1216 vetat
1131 1166 1319 1216 auctor
1361 1162 1608 1232 Apollo);

119 1237 355 1290 Tantum
394 1238 451 1290 in
491 1237 648 1291 corde
689 1237 878 1290 sedens
920 1237 1190 1307 aegrescit
1227 1256 1355 1290 cura
1392 1237 1624 1306 parenti.
1722 1248 1809 1290 400

192 1310 332 1364 Ecce
373 1315 554 1365 autem
595 1311 875 1380 antiquam
911 1311 1027 1364 fato
1069 1309 1354 1380 Calydona
1391 1311 1698 1380 relinquens

119 1384 340 1438 Olenius
380 1385 594 1453 Tydeus
637 1382 886 1455 (fraterni
927 1386 1207 1455 sanguinis
1246 1385 1403 1438 illum

121 1456 381 1511 Conscius
419 1458 613 1511 horror
654 1457 794 1528 agit)
835 1459 1022 1511 eadem
1062 1459 1160 1511 sub
1201 1462 1358 1512 nocte
1399 1476 1597 1528 sopora

121 1530 320 1584 Lustra
358 1532 511 1600 terit,
551 1532 860 1600 similesque
899 1536 1060 1585 notos
1101 1532 1389 1601 dequestus
1431 1536 1483 1585 et
1522 1532 1746 1601 imbres,

120 1604 366 1658 Infusam
404 1609 560 1675 tergo
601 1606 831 1675 glaciem
874 1609 928 1658 et
964 1605 1227 1675 liquentia
1265 1606 1467 1659 nimbis
1723 1616 1809 1659 405

121 1677 233 1731 Ora
271 1697 558 1747 comasque
599 1695 791 1747 gerens
834 1679 980 1732 subit
1018 1698 1125 1733 uno
1164 1680 1428 1749 tegmine,
1469 1680 1620 1732 cuius

121 1751 296 1805 Fusus
334 1753 500 1805 humo
542 1753 723 1822 gelida
760 1757 973 1822 partem
1013 1755 1162 1822 prior
1199 1754 1398 1822 hospes
1437 1753 1688 1807 habebat.

121 1825 230 1879 Hic
267 1844 396 1879 vero
438 1827 703 1880 ambobus
742 1827 954 1879 rabiem
992 1828 1216 1881 fortuna
1255 1831 1533 1880 cruentam

123 1900 352 1952 Attulit:
392 1899 526 1953 haut
563 1901 709 1969 passi
751 1901 910 1954 sociis
951 1901 1236 1954 defendere
1274 1905 1490 1954 noctem

123 1972 465 2026 Culminibus
505 1975 749 2043 paulum,
792 1975 990 2027 alterni
1029 1975 1108 2027 nil
1148 1975 1317 2027 verba
1356 1975 1638 2043 minasque
1730 1987 1816 2027 410

28 2092 54 2116 ἡ
125 2045 485 2117 Cunctantur3
526 2066 651 2101 mox
690 2051 752 2100 ut
788 2049 948 2101 iactis
988 2049 1328 2102 sermonibus
1369 2049 1483 2101 irae

24 2122 54 2182 ἐς,
123 2121 436 2175 Intumuere
478 2123 608 2175 satis
617 2164 631 2191 ,
668 2125 786 2175 tum
823 2140 952 2175 'vero
993 2127 1200 2176 erectus
1239 2125 1462 2191 uterque

42 2211 46 2214 ·
123 2194 387 2248 Exertare
426 2214 640 2249 umeros
678 2196 985 2267 nudamque
1024 2197 1289 2250 lacessere
1330 2213 1583 2266 pugnam.

245 2346 330 2385 390
357 2355 423 2396 sq.
452 2339 634 2384 ‘medio
661 2367 714 2374 —
738 2340 978 2385 habebat'
1006 2341 1182 2385 schol.
1201 2342 1408 2386 Lucan.
1436 2341 1457 2384 Ι
1483 2346 1567 2386 129
1592 2356 1636 2398 p.
1663 2345 1718 2385 27
1744 2339 1817 2384 W.

42 2498 55 2528 ἐ
247 2477 334 2516 389
373 2472 529 2516 tenuis
568 2478 600 2515 P
646 2475 834 2517 teneros
875 2474 1136 2519 Gronovius
1171 2476 1187 2531 ΙΙ
1227 2479 1312 2519 390
1361 2474 1644 2530 tranquillae
1692 2475 1819 2518 codd.

39 2543 77 2581 ,’
129 2545 242 2577 corr.
284 2531 535 2576 Muellerus
566 2533 581 2588 ΙΙ
612 2537 698 2577 393
745 2532 940 2589 vigebat
986 2533 1288 2588 Wakefieldus
1319 2535 1335 2590 ΙΙ
1367 2539 1451 2578 396
1492 2533 1591 2577 fato
1631 2538 1664 2575 P
1705 2545 1820 2576 aeuo

0 2593 3 2596 ’
127 2593 217 2633 im
248 2592 344 2636 edd.
380 2603 466 2634 euo
507 2591 594 2634 921
628 2592 758 2637 Leid.
790 2594 806 2649 u
836 2597 923 2637 398
954 2592 1009 2635 Id
1040 2597 1073 2634 r
1104 2591 1236 2636 Haec>
1261 2592 1417 2635 nem
1447 2594 1546 2637 edd.
1571 2594 1586 2649 u
1610 2597 1695 2636 399
1727 2605 1820 2635 ver-

68 2664 73 2671 ⁴
128 2662 228 2695 sum
259 2663 342 2694 om,
376 2650 475 2692 <3²13
509 2651 578 2704 (iu
609 2656 834 2705 contemtu,
865 2653 942 2695 sed
973 2652 1027 2695 iu
1048 2666 1192 2710 mary.
1209 2666 1285 2708 pr.
1309 2666 1365 2695 m.
1392 2653 1584 2707 exhibet)
1613 2655 1618 2704 Ι
1648 2649 1823 2694 etenim

135 2732 187 2740 -—
216 2708 383 2752 sedens
415 2709 551 2753 verba
582 2723 663 2754 om.
699 2711 763 2766 811
788 2715 874 2754 400
905 2724 1081 2755 versum
1112 2725 1193 2755 om.
1229 2711 1285 2753 (32
1317 2712 1369 2755 in
1401 2716 1633 2763 contextu,
1664 2711 1741 2753 sed
1771 2709 1822 2752 in

8 2780 9 2783 ’
38 2775 47 2789 ·'
82 2794 93 2828 '.·
128 2779 301 2819 summo
331 2769 538 2824 maryine
562 2782 636 2823 pr.
666 2783 723 2813 m.
748 2770 924 2814 exhibet
951 2779 956 2815 ι
984 2769 1195 2826 parentis
1221 2773 1341 2823 GHp
1373 2768 1565 2826 paventi
1589 2768 1650 2812 N.
1676 2768 1822 2812 Hein-

34 2837 87 2874 [2
130 2826 228 2870 sius
255 2827 330 2871 ‘ex
353 2829 520 2883 optimo
545 2828 658 2872 eod.’
685 2829 701 2884 11
724 2833 810 2872 402
838 2827 1011 2871 Oenius
1029 2829 1230 2886 Auqlic„
1255 2830 1376 2873 unde
1394 2829 1617 2872 Heinsius
1640 2826 1822 2870 Oeneus

4 2891 9 2918 -’
46 2891 54 2900 ’·
136 2886 327 2931 coniecit
350 2887 446 2930 coll.
481 2886 524 2930 V
543 2890 631 2930 661
657 2888 672 2941 ΙΙ
696 2891 781 2931 406
807 2886 966 2943 rigens
984 2888 1208 2932 Heinsius
1230 2889 1245 2945 ΙΙ
1269 2893 1357 2933 410
1381 2886 1553 2931 alterni
1576 2891 1608 2928 P
1633 2885 1826 2931 alternis

3 2955 8 2958 ·’
86 2957 95 3002 5*
132 2946 265 2988 ceteri
291 2946 298 3001 Ι
324 2944 393 2987 nil
424 2945 734 2990 Baehrensius
764 2945 814 2988 in
845 2947 972 2991 codd.
1007 2949 1062 3001 cf.
1102 2946 1198 2989 III
1229 2951 1316 2991 719

225 3025 364 3058 Sim-ru
389 3028 580 3060 Tannus.
1444 3024 1469 3061 2
