2072 3216
222 184 332 238 184
799 185 849 230 Ρ.
882 184 1110 230 PAPINII
1143 185 1336 231 STATII

221 304 681 374 Parrhasiumque
719 324 908 359 nemus
948 306 1292 376 Ledaeasque
1329 307 1436 360 ibis
1475 306 1749 379 Amyclas·

221 378 440 434 Scilicet
480 398 508 432 e
550 380 758 434 cunctis
799 397 899 450 ego
939 380 1349 449 neglectissima
1385 381 1530 435 natis

221 452 557 523 Progenies?
598 470 698 523 ego
738 471 932 524 nempe
972 458 1182 524 tamen,
1221 454 1311 524 qui
1352 454 1505 509 dulce
1542 454 1739 509 ferenti
1826 468 1908 512 165

220 527 439 582 Pondus
479 545 649 597 eram,
689 527 775 582 cui
813 530 875 582 tu
913 528 1165 598 dignatus
1203 528 1395 582 limina
1433 529 1577 584 vitae

221 602 685 671 Praereptumque
723 604 938 655 uterum
979 605 1034 655 et
1074 604 1350 655 maternos
1389 602 1613 656 reddere
1653 619 1877 657 menseS.

222 676 398 745 Adde,
438 676 580 745 quod
619 675 853 729 imbellis
894 676 1147 746 rarisque
1188 677 1425 730 exercita
1464 676 1658 730 castris

223 749 407 803 Turba
446 767 594 802 meas
636 749 800 819 acies,
840 768 960 803 mea
998 752 1214 803 tantum
1251 751 1460 820 proelia
1497 753 1721 820 norunt,

221 822 275 877 N
280 826 454 877 ectere
493 823 683 876 fronde
724 841 906 877 comas
948 826 1002 876 et
1042 823 1109 876 ad
1147 824 1413 894 inspirata
1451 825 1623 878 rotari
1829 837 1913 878 1⁷0

221 896 397 951 Buxa:
435 897 633 950 timent
671 897 890 967 thyrsos
929 900 1222 966 nuptarum
1263 901 1318 952 et
1353 899 1564 967 proelia
1603 901 1858 954 matrum.

222 970 377 1024 Unde
416 971 577 1024 tubas
616 970 956 1040 Martemque
996 972 1134 1041 pati,
1175 972 1266 1042 qui
1304 972 1543 1026 fervidus
1583 990 1704 1026 eece

225 1044 441 1108 Quanta
478 1045 678 1114 parat?
720 1045 847 1114 quid
887 1045 935 1099 si
972 1045 1065 1098 ille
1105 1048 1228 1099 tuos
1270 1043 1498 1100 Oui-etas
1539 1046 1597 1100 in
1638 1065 1790 1100 arma

224 1119 403 1173 Ducat
445 1122 498 1173 et
537 1119 782 1172 innocuis
821 1119 1008 1172 iubeat
1047 1119 1333 1173 decernere
1371 1120 1579 1190 peltis‘?

224 1193 367 1256 Quin
407 1193 573 1246 etiam
610 1193 818 1246 invisos
860 1191 963 1261 (sic
1001 1193 1175 1246 hostis
1217 1191 1446 1264 defuit‘P)
1490 1192 1669 1264 Argos
1831 1206 1918 1246 175

223 1267 417 1320 Elicis!
459 1266 502 1319 Ο
543 1266 703 1336 ipsis,
742 1267 976 1337 genitor,
1016 1267 1270 1337 graviora
1308 1267 1524 1336 periclis

223 1340 399 1394 Iussa:
440 1340 749 1394 novercales
789 1340 990 1393 luimus
1032 1340 1204 1394 ditare
1243 1340 1523 1411 Mycenas!

225 1413 372 1468 Cedo
413 1413 675 1484 equidem.
750 1413 868 1477 Quo
910 1433 1063 1468 sacra
1100 1418 1286 1468 tamen
1322 1415 1570 1484 ritusque
1607 1416 1918 1485 peremptae

226 1488 415 1542 Gentis
456 1491 531 1557 et,
570 1488 629 1540 in
667 1488 908 1542 tumulos
950 1489 995 1541 si
1035 1488 1161 1557 quid
1200 1489 1342 1541 male
1382 1488 1495 1541 feta
1533 1488 1757 1558 reliquit

224 1561 423 1632 Mater,
463 1562 613 1616 abire
653 1561 845 1615 iubes?
886 1561 1134 1615 Thracen
1175 1563 1447 1632 silvasque
1486 1559 1777 1633 Lycurgi?
1832 1575 1918 1616 180

226 1636 384 1689 Anne
423 1635 789 1705 triumphatos
830 1635 1036 1705 fugiam
1078 1636 1322 1705 captivus
1365 1636 1430 1689 ad
1469 1635 1669 1690 Indos?

227 1709 314 1763 Da
355 1709 535 1762 sedem
575 1709 827 1780 profugo!
883 1708 1072 1762 Potuit
1110 1709 1340 1762 Latonia
1378 1709 1547 1762 frater

228 1783 369 1838 Saxa
409 1781 532 1853 (nec
572 1779 814 1854 invideo)
856 1782 1088 1853 defigere
1128 1782 1305 1837 Delon
1345 1787 1400 1836 et
1438 1784 1561 1837 imis

229 1856 620 1912 Commendare
658 1855 838 1926 fretis3
878 1874 1004 1910 cara
1044 1857 1318 1910 submovit
1357 1857 1425 1910 ab
1467 1875 1587 1911 arce

227 1930 474 1984 Hostiles
513 1931 754 1983 Tritonis
796 1949 984 2000 aquas3
1023 1930 1136 1983 vidi
1173 1932 1290 2000 ipse
1328 1933 1610 2000 potentem
1833 1943 1919 1985 185

230 2005 494 2059 Gentibus
533 2004 665 2057 Eois
703 2003 993 2073 Epaphum
1034 2005 1160 2058 dare
1198 2006 1339 2071 iura,
1377 2023 1476 2058 nec
1514 2005 1652 2058 ullas

230 2078 454 2148 Cyllene
496 2080 701 2131 secreta
740 2079 901 2131 tubas
941 2077 1214 2132 Minoiave
1255 2081 1408 2131 curat

228 2152 349 2205 Ida:
391 2153 519 2221 quid
557 2152 664 2205 heu
701 2154 916 2204 tantum
953 2152 1155 2204 nostris
1196 2151 1480 2204 offenderis
1521 2150 1666 2203 aris?

228 2224 334 2278 Hic
372 2226 476 2277 tibi
515 2223 754 2294 (quando
795 2225 973 2277 minor
1012 2226 1123 2278 iam
1161 2228 1352 2277 nostra
1389 2223 1658 2294 potentia)
1696 2226 1883 2279 noctes

229 2298 529 2352 Herculeae
568 2299 902 2367 placitusque
942 2314 1112 2367 vagae
1151 2297 1443 2368 Nycteidos
1484 2298 1662 2367 ardor,
1830 2311 1920 2352 190

230 2371 337 2425 Hic
376 2371 604 2440 Tyrium
644 2389 827 2442 genus,¹
856 2374 910 2424 et
947 2374 1136 2425 nostro
1175 2372 1381 2426 felicior
1418 2372 1545 2442 igne

233 2445 467 2499 Taurus:
506 2444 824 2515 Agenoreos
865 2446 1058 2499 saltem
1096 2448 1276 2498 tutare
1315 2444 1578 2514 nepotes?

354 2609 439 2650 165
477 2603 671 2648 ferentis
710 2610 742 2647 P
778 2607 794 2662 ΙΙ
835 2609 918 2650 167
966 2606 1360 2661 Praereptumque
1406 2604 1498 2649 iter
1544 2606 1592 2649 et
1637 2605 1764 2650 codd.
1804 2604 1922 2662 edd„

234 2678 347 2711 corr.
372 2664 600 2709 Barthius
622 2665 637 2719 ΙΙ
664 2668 746 2708 172
780 2664 860 2718 qui
883 2669 947 2707 Pe
979 2664 1092 2720 quin
1123 2666 1257 2708 ceteri
1282 2668 1289 2719 Ι
1316 2663 1522 2710 fervidus
1546 2664 1637 2708 iste
1661 2663 1887 2708 Barthius
1903 2664 1919 2722 Η

237 2729 319 2769 177
351 2722 524 2767 luimus
550 2727 583 2765 P
613 2722 789 2766 ruimus
815 2725 948 2767 ceteri
976 2722 1156 2767 tuimur
1178 2723 1405 2768 Barthius
1427 2725 1443 2780 ΙΙ
1469 2728 1552 2767 179
1577 2722 1917 2779 ΙηὺωῬαησῦἰο-

234 2796 334 2828 nem
371 2796 484 2827 corr.
526 2780 890 2826 Somdstroemius
916 2784 923 2838 Ι
951 2782 1000 2825 in
1038 2781 1219 2826 tumulo
1257 2782 1476 2827 Naukius
1505 2784 1520 2838 ΙΙ
1553 2786 1637 2826 183
1676 2779 1781 2824 unis
1811 2784 1882 2823 ΡΒ
1906 2780 1920 2838 Η

237 2847 319 2887 187
354 2840 569 2898 Cyllenes
592 2840 702 2886 Beh.
729 2855 752 2883 ο
777 2841 1000 2885 Heinsius
1031 2855 1053 2885 e
1084 2841 1209 2886 codd.
1240 2843 1245 2896 Ι
1271 2840 1506 2885 minoiave
1536 2844 1609 2883 PB
1621 2838 1744 2884 (3²80
1774 2839 1917 2884 Behh.

235 2903 319 2943 HT
349 2900 564 2944 minoave
596 2904 640 2943 M
671 2900 768 2945 edd.
794 2901 809 2956 ΙΙ
836 2905 918 2944 189
950 2898 1103 2943 noctis
1134 2904 1167 2942 P
