1942 3190
161 157 270 203 XIV
665 156 948 204 EDITORIS
979 159 1338 208 PRAEFATIO.

309 278 536 332 Frustra
591 297 929 348 speraveram
974 280 1091 334 fore
1137 284 1199 334 ut
1248 299 1312 334 ex
1365 281 1636 335 thesauris
1682 281 1858 337 Musei

160 351 467 406 Britannici
504 370 646 406 nova
686 353 927 406 subsidia
965 355 1101 407 mihi
1141 358 1597 425 compararentur.
1678 355 1783 410 Sed
1821 374 1856 410 a

163 426 530 495 Thompsonio,
583 427 701 480 viro
757 446 996 480 summae
1051 429 1396 483 liberalitatis
1459 429 1858 501 doctrinaeque,

161 502 359 554 certior
412 500 588 554 factus
647 501 712 554 de
769 502 1020 555 omnibus
1076 506 1341 572 quotquot
1396 506 1747 558 asservantur
1798 504 1856 557 in

160 574 492 629 bibliotheca
530 574 669 628 Mus,
709 575 843 628 Brit.
883 577 1222 646 amplissima
1259 577 1560 647 codicibus,
1595 594 1856 648 magnum

161 667 227 702 ex
266 649 343 702 eis
383 649 755 703 adiumentum
796 655 1106 720 exspectare
1146 652 1342 705 destiti.
1391 650 1528 705 Cum
1567 652 1711 705 enim
1740 653 1856 721 ple-

158 724 312 793 rique
358 741 574 776 versum
620 725 862 793 spurium
910 726 967 777 in
1013 725 1118 779 fine
1165 726 1418 778 carminis
1459 725 1751 779 exhibeant
1789 743 1856 780 ae

162 797 505 851 deterrimam
558 797 823 851 librorum
878 799 1316 853 distributionem
1363 799 1856 869 quinquepertitam

162 872 289 925 dare
335 871 643 940 videantur,
688 873 870 926 nullus
916 891 1044 926 vero
1091 874 1235 926 ultra
1282 891 1417 926 saec.
1456 874 1676 927 tertium
1715 873 1856 926 deci-

156 947 307 998 'mum
360 945 640 1016 ascendat,
691 947 902 1000 fructus
954 965 1017 1000 ex
1066 947 1176 1000 illis
1235 948 1326 1001 vix
1382 947 1590 1016 percipi
1638 947 1853 1016 poterit.

158 1019 315 1073 Addo
373 1019 541 1091 (quod
585 1021 917 1090 benignitati
962 1021 1110 1075 Aem.
1149 1021 1464 1075 Baehrensii
1501 1019 1720 1092 debeo),
1767 1038 1854 1074 ex-

158 1097 301 1147 stare
361 1094 599 1147 codicem
648 1095 869 1149 miscell.
922 1095 1232 1149 Etonensem
1277 1096 1367 1149 ΒΖ.
1408 1100 1455 1149 6.
1495 1098 1528 1149 5
1583 1112 1719 1149 saec.
1757 1113 1856 1147 un-

158 1169 374 1237 decimi,
408 1168 809 1222 characteribus
841 1169 1239 1239 longobardieis
1271 1169 1384 1224 foll.
1421 1169 1635 1224 18-37
1670 1168 1853 1222 Achil-

156 1242 300 1295 leida
339 1243 894 1311 comprehendentem.

308 1315 513 1379 Quibus
576 1318 835 1386 expositis
891 1318 1049 1371 venio
1112 1335 1256 1371 nunc
1320 1318 1388 1371 ad
1447 1318 1592 1371 viros
1650 1317 1853 1385 doctos,

157 1391 249 1461 qui
288 1390 353 1443 de
383 1390 684 1444 Achilleide
723 1392 859 1444 bene
897 1391 1204 1444 meruerint.
1288 1391 1423 1445 Post
1459 1391 1854 1445 Maturantiwm

156 1469 211 1518 et
258 1465 570 1534 Avantium,
623 1467 749 1534 post
797 1465 1164 1534 Bernartium,
1217 1465 1674 1533 Mndenbroyium‚
1723 1463 1854 1518 Gro-

154 1540 364 1593 novium
403 1556 603 1609 magna
643 1543 772 1592 sunt
810 1541 867 1593 in
892 1538 1196 1592 Achilleida
1235 1541 1429 1593 merita
1452 1539 1664 1592 Nicolai
1689 1538 1852 1591 Hein-

154 1615 223 1669 siz·
269 1616 324 1666 et
367 1613 623 1667 Richardi
667 1614 897 1682 Bentlei,
954 1613 1046 1682 qui
1094 1631 1255 1681 quam
1305 1631 1467 1681 saepe
1522 1612 1685 1665 etiam
1734 1611 1852 1664 sine

156 1687 399 1741 codicum
455 1687 707 1740 subsidiis
767 1705 863 1740 suo
918 1686 1137 1756 ingenio
1193 1687 1523 1740 rectissimas
1585 1685 1849 1738 lectiones

154 1761 482 1828 invenerint,
527 1762 811 1829 permultis
864 1761 996 1815 locis
1052 1761 1373 1814 auctoritate
1421 1759 1751 1828 optimorum
1789 1759 1851 1811 li-

154 1836 374 1889 brorum
411 1833 565 1887 MSS.
598 1836 958 1888 confirmatur.
1020 1833 1234 1887 Heinsii
1267 1833 1667 1887 emendationes
1708 1835 1762 1886 et
1791 1832 1852 1885 in

157 1907 539 1962 ‘Adversariis'
579 1910 726 1979 typis
767 1926 1048 1978 expressas
1082 1911 1137 1960 et
1167 1909 1224 1961 in
1257 1909 1502 1978 margine
1528 1906 1849 1976 exemplaris

156 1983 407 2037 editionis
445 1982 951 2054 Lindenbrogianae
985 1981 1360 2052 Gottingensis
1395 1984 1668 2033 exstantes
1699 1979 1850 2032 Men·

153 2058 275 2111 kius
324 2057 739 2128 diligentissime
794 2058 1048 2110 collectas
1096 2058 1151 2108 et
1197 2056 1494 2123 descriptas
1533 2054 1591 2106 in
1637 2053 1848 2106 schedis

156 2133 266 2185 suis
314 2132 546 2201 reliquit.
631 2131 845 2185 Bentlei
892 2131 1248 2194 coniecturas,
1293 2130 1350 2181 in
1403 2127 1694 2196 exemplari
1741 2126 1848 2180 edi-

154 2206 321 2259 tionis
361 2204 716 2259 Gevartianae
756 2203 925 2276 (Leid.
969 2202 1135 2273 1616)
1175 2203 1335 2256 hodie
1373 2203 1432 2255 in
1469 2200 1607 2254 Mus
1632 2200 1849 2254 Britan-

152 2280 274 2334 nico
325 2284 643 2334 conservato
692 2279 924 2349 margini
965 2277 1263 2346 adscriptas
1302 2277 1360 2329 in
1407 2277 1581 2328 lucem
1619 2274 1850 2344 protulit

152 2355 333 2409 Maur.
401 2354 674 2422 Hauptius
745 2352 908 2425 (Berl.
977 2351 1303 2404 Monatsber.
1370 2350 1509 2403 1861
1573 2367 1623 2417 p.
1690 2347 1846 2401 1079.

158 2427 340 2499 1084).
391 2428 524 2481 Post
563 2429 684 2482 illos
724 2430 868 2482 viros
901 2426 1227 2480 clarissimos
1261 2422 1574 2494 dignissimi
1598 2426 1729 2475 sunt
1753 2421 1846 2491 qui

153 2505 638 2557 commemorentur
675 2502 901 2557 Ioamws
937 2499 1255 2567 Schraperus
1294 2502 1348 2551 et
1385 2498 1481 2550 Fr.
1520 2496 1659 2564 Any.
1690 2495 1841 2550 Men-

151 2578 269 2631 kius
315 2576 424 2647 (vel
471 2579 533 2629 ut
577 2577 694 2646 ipse
742 2576 925 2630 audire
978 2573 1217 2627 malebat
1263 2569 1490 2641 Menca).
1576 2569 1846 2622 Plurimae

150 2651 300 2705 illius
333 2650 674 2704 coniecturae
706 2653 761 2703 et
790 2652 849 2704 in
879 2646 1380 2703 ‘observationibus
1403 2643 1651 2698 Francos.
1680 2640 1842 2694 1761'

152 2726 332 2795 palam
371 2724 547 2777 factae
587 2728 641 2777 et
679 2725 737 2777 in
776 2725 915 2777 libro
949 2721 1061 2776 MS.
1093 2720 1452 2774 bibliothecae
1477 2715 1846 2771 Berolinensis

152 2818 217 2855 ex
254 2800 434 2869 legato
484 2796 725 2852 Santenii
773 2797 907 2867 (MS.
946 2796 1090 2850 Diez.
1131 2794 1193 2847 Β.
1242 2792 1387 2847 Sant.
1427 2792 1524 2863 47)
1572 2791 1846 2872 erstantes

153 2874 222 2927 ab
265 2873 500 2940 Hauptio
537 2872 571 2924 1.
603 2873 636 2924 l.
677 2872 851 2925 editae
892 2873 1031 2926 sunt.
1092 2868 1358 2938 Menekine,
1398 2885 1517 2921 cum
1549 2864 1680 2917 olim
1719 2879 1843 2916 con-
