1942 3190
99 218 102 221 ,
148 162 221 212 34
719 160 769 204 P.
802 159 1036 203 PAPINII
1067 159 1269 204 STATII

84 294 129 325 ΙΙ
147 280 268 334 Iure
307 282 508 349 pavent
547 280 710 348 aliae3
751 280 845 332 sed
883 280 973 333 vix
1013 299 1112 333 sua
1151 279 1350 349 gaudia
1388 280 1528 334 celat

79 368 126 400 80
149 354 361 412 Pelides
410 353 706 422 avidusque
744 372 914 407 novos
953 353 1148 406 heroas
1189 356 1243 406 et
1281 372 1431 407 arma

147 428 253 481 Vel
291 428 420 481 talis
460 427 660 480 vidisse
701 428 866 496 cupit.
939 426 1162 496 Iamque
1203 428 1344 480 atria
1381 428 1590 482 fervent
1752 439 1838 482 755

146 502 339 573 Regali
381 501 612 570 strepitu
652 504 708 553 et
745 501 891 569 picto
933 501 1287 554 discumbitur
1327 504 1501 571 ostr0‚

146 574 282 629 Cum
321 578 479 645 pater
517 576 595 628 ire
634 575 785 628 iubet
822 577 980 628 natas
1022 575 1354 644 comitesque
1393 575 1616 644 pudicas

143 649 427 703 Natarum.
506 648 773 719 Subeunt,
813 649 998 718 quales
1037 648 1308 702 Maeotide
1347 650 1490 718 ripa,

78 738 121 770 85
147 723 282 778 Cum
322 722 608 792 Scythicas
648 741 873 792 rapuere
912 723 1100 776 domos
1140 726 1194 775 et
1231 726 1391 792 capta
1430 722 1690 777 Getarum

144 797 384 866 Moenia,
426 797 680 866 sepositis
721 797 1008 866 epulantur
1044 795 1349 858 Amazones
1390 798 1569 850 armis,
1752 810 1837 851 760

144 871 285 925 Tum
325 889 452 924 vero
493 872 737 923 intentus
775 871 959 930 vultus
1000 888 1060 923 ac
1098 874 1323 939 pectora
1360 870 1548 924 Ulixes

141 945 417 998 Perlibrat
455 945 598 998 visu:
640 945 732 997 sed
770 963 879 998 nox
915 944 1191 1014 inlataque
1228 944 1428 998 fallunt

141 1019 374 1072 Lumina
421 1021 476 1071 et
515 1018 783 1088 extemplo
824 1018 991 1071 latuit
1029 1036 1282 1071 mensura
1320 1019 1606 1072 iacentum.

76 1109 119 1141 90
143 1095 219 1145 At
255 1096 440 1147 tamen
479 1095 822 1161 erectumque
863 1109 1027 1161 genas
1068 1092 1342 1161 oculisque
1382 1094 1673 1162 vagantem

141 1167 414 1236 Nullaque
454 1166 687 1235 virginei
726 1168 1028 1219 servantem
1069 1166 1226 1235 signa
1264 1166 1488 1234 pudoris
1749 1179 1834 1221 765

139 1240 347 1310 Defigit
387 1240 679 1309 comitique
720 1240 940 1309 obliquo
980 1240 1181 1292 lumine
1221 1243 1506 1294 monstrat.

141 1314 316 1378 Quid?
353 1315 462 1367 nisi
499 1314 851 1383 praecipitem
889 1313 1088 1366 blando
1130 1315 1409 1382 complexa
1447 1317 1692 1367 moneret

137 1389 424 1442 Deidamia
466 1388 587 1440 sinu
626 1388 934 1456 nudataque
973 1389 1196 1456 pectora
1237 1406 1448 1456 semper

74 1479 116 1510 95
139 1463 507 1530 Exsertasque
547 1480 739 1514 manus
779 1478 1099 1530 umerosque
1138 1461 1197 1513 in
1236 1465 1387 1514 veste
1425 1463 1656 1531 teneret,

137 1537 212 1590 Et
251 1536 467 1605 prodire
505 1536 640 1588 toris
682 1538 735 1587 et
772 1552 993 1603 poscere
1032 1534 1161 1587 vina
1199 1537 1410 1588 vetaret
1747 1549 1832 1589 770

141 1609 389 1679 SaepiuS‚
430 1612 484 1661 et
522 1609 692 1661 fronti
732 1609 931 1660 crinale
969 1611 1256 1676 reponeret
1295 1609 1522 1661 aurum?

141 1683 437 1753 [Argolicis
479 1682 704 1734 ducibus
745 1682 853 1734 iam
891 1684 1021 1733 tunc
1059 1681 1327 1749 patuisset
1364 1681 1643 1749 Achilles]

286 1757 363 1810 Ut
401 1756 621 1824 placata
658 1755 827 1808 fames
869 1755 1041 1823 epulis
1081 1755 1166 1807 bis
1204 1758 1395 1825 terque
1432 1756 1689 1825 repostiS,

48 1846 114 1878 100
138 1831 254 1884 Rex
291 1830 440 1899 prior
480 1829 789 1899 adloquitur
818 1828 1128 1898 paterisque
1160 1828 1412 1881 hortatur
1441 1828 1705 1883 Achivos:

139 1904 382 1958 ‘Invideo
422 1903 642 1972 vestris,
679 1903 878 1971 fateor,
918 1903 1111 1955 decora
1150 1902 1338 1956 inclita
1377 1903 1558 1972 gentis
1745 1915 1830 1958 775

138 1978 448 2048 Argolicae,
489 1977 718 2046 coeptis:
757 1977 968 2028 utinam
1008 1978 1063 2029 et
1102 1976 1237 2029 mihi
1274 1976 1470 2029 fortior
1511 1979 1659 2030 aetas
1669 2019 1683 2046 ,

258 2172 342 2213 753
373 2180 528 2212 versus
561 2168 613 2211 in
645 2166 702 2209 ‹3ss
733 2169 944 2211 contextu
967 2178 1065 2220 om„
1097 2177 1239 2221 marg).
1273 2165 1333 2208 al.
1365 2178 1422 2210 m.
1456 2165 1644 2210 additus
1678 2166 1683 2222 Ι
1722 2165 1827 2211 Iure

137 2228 265 2272 codd.
306 2229 377 2271 Ire
403 2226 686 2271 Schraderns
717 2225 831 2269 Inde
854 2225 1161 2268 Baehrensius
1188 2226 1193 2276 Ι
1221 2222 1299 2267 vix
1332 2236 1415 2266 sua
1445 2228 1479 2266 G
1500 2224 1558 2266 ΘΞ
1594 2226 1667 2277 (ut
1689 2237 1830 2270 emen·

137 2287 279 2330 dabat
295 2285 599 2340 Schraderns)
628 2285 706 2330 vix
737 2297 860 2329 nova
890 2287 1046 2326 PPeM
1073 2283 1080 2340 Ι
1107 2282 1262 2326 differt
1279 2281 1561 2327 Schraderus
1583 2284 1599 2339 ΙΙ
1625 2288 1709 2328 754
1733 2283 1830 2328 avi-

134 2345 309 2401 dosque
341 2349 374 2387 P
396 2346 412 2401 fl
438 2348 522 2389 756
547 2343 854 2389 discumbitur
884 2343 1014 2387 aulro
1047 2346 1079 2384 P
1107 2344 1113 2397 Ι
1143 2345 1227 2385 760
1259 2340 1513 2397 suppositis
1545 2343 1672 2387 codd.
1691 2356 1827 2398 prae-

134 2422 200 2463 ter
220 2418 351 2462 Leid.
385 2419 466 2474 qui
496 2418 686 2474 praebet
716 2432 736 2461 s
747 2417 847 2475 sss:
870 2415 1052 2473 positis;
1100 2413 1315 2471 sepositis
1364 2415 1618 2459 emendavit
1659 2414 1827 2461 Schra-

134 2478 269 2521 derns
306 2478 322 2533 ΙΙ
363 2482 446 2521 761
480 2477 685 2521 intentos
717 2480 815 2519 PPo
852 2477 857 2531 Ι
902 2481 986 2519 762
1035 2475 1268 2519 Perlibrat
1298 2477 1331 2515 P
1376 2473 1587 2518 Perlibat
1617 2477 1676 2517 Po
1722 2474 1827 2520 Per-

132 2534 342 2594 libasssG2
381 2535 622 2580 Praelibat
650 2540 697 2578 Μ
718 2537 734 2592 ΙΙ
759 2540 842 2579 763
874 2535 1108 2579 iacentum
1130 2538 1163 2576 P
1201 2531 1398 2577 iacentis
1430 2534 1562 2577 ceteri
1583 2533 1599 2589 ΙΙ
1624 2537 1708 2578 765
1741 2549 1826 2591 pu-

134 2594 284 2639 doreis
307 2599 340 2637 P
363 2596 378 2651 ΙΙ
403 2599 486 2640 767
526 2608 680 2638 versus
710 2596 791 2638 hoc
822 2595 915 2638 loeo
946 2594 1000 2637 in
1029 2599 1049 2635 t
1096 2593 1288 2637 omissus
1318 2592 1437 2636 inter
1467 2605 1506 2636 v.
1541 2596 1633 2638 770
1663 2596 1706 2637 et
1735 2595 1823 2638 771

132 2655 330 2698 insertus
362 2657 424 2697 est
466 2655 472 2709 Ι
521 2654 643 2706 Quid
674 2658 706 2695 P
745 2652 879 2706 Quod
916 2657 962 2695 M
1002 2652 1148 2706 Quem
1187 2657 1207 2694 t
1247 2650 1349 2705 Ωιι-ο
1400 2651 1472 2704 (in
1509 2654 1625 2705 ras.)
1661 2650 1793 2696 Leid.
1809 2650 1826 2710 ΙΙ

135 2718 220 2758 768
252 2715 468 2770 tempora
490 2717 523 2754 P
546 2714 561 2768 ss
587 2718 670 2757 772
703 2725 879 2756 versum
909 2712 990 2768 qui
1019 2712 1136 2755 deest
1166 2711 1219 2754 in
1248 2714 1303 2764 P,
1334 2711 1387 2754 in
1417 2714 1475 2752 Pc
1488 2709 1546 2752 (³²
1572 2709 1729 2766 prima
1750 2723 1825 2764 m.,

132 2786 274 2828 mary.
307 2785 388 2816 see.
427 2785 484 2815 m.
526 2772 735 2825 additus,
780 2771 832 2814 in
875 2771 1029 2815 ceteris
1058 2769 1312 2823 invenitur,
1352 2769 1485 2814 uncis
1522 2768 1692 2814 inclusi
1727 2782 1824 2813 mn-

132 2833 232 2875 tata
261 2831 625 2887 interpunctione
655 2832 671 2887 ΙΙ
703 2835 786 2874 776
830 2829 1010 2873 utinam
1051 2830 1099 2873 et
1137 2827 1254 2872 mihi
1284 2831 1428 2871 PPcG
1475 2825 1823 2886 utinamslsmihi

133 2889 191 2931 θ’
237 2888 418 2933 utinam
450 2889 566 2932 mihi
596 2893 641 2931 Μ
