2028 3190
630 168 972 214 THEBAIDOS
1002 167 1116 216 LIB.
1149 167 1270 213 VIII.
1699 166 1808 220 223

117 289 277 346 Nunc
315 292 539 362 premit,
580 310 642 346 ac
679 291 887 346 vicibus
925 290 1176 344 tellurem
1217 289 1424 344 amittit
1464 294 1519 345 et
1558 292 1747 346 aufert.

115 365 196 421 Ut
232 367 410 421 ventis
448 367 755 436 nimbisque
794 365 979 419 minax
1018 382 1139 418 cum
1178 365 1343 418 solvit
1380 365 1621 421 habenas

115 440 363 512 Iuppiter
404 441 722 510 alternoque
762 439 974 510 adfligit
1010 439 1229 492 turbine
1269 439 1555 493 mundum:

117 513 241 568 Stat
279 515 416 569 caeli
455 515 667 568 diversa
706 515 874 584 acies,
911 531 1054 567 nunc
1093 513 1287 567 fortior
1324 512 1540 583 Austri,
1719 524 1806 567 425

114 587 274 643 Nunc
311 588 602 658 Aquilonis
642 588 839 658 hiems,
879 588 1046 640 donec
1085 591 1364 657 pugnante
1403 589 1645 658 procella

115 663 232 717 Aut
268 663 452 716 nimiis
491 662 581 716 1110
619 662 750 716 vicit
790 662 944 731 aquis
952 704 967 731 ,
1007 665 1102 714 aut
1141 661 1235 714 ille
1276 680 1480 715 sereno,

190 736 524 806 Principium
562 753 780 806 pugnae
819 740 1029 789 turmas
1069 735 1306 805 Asopius
1347 735 1606 806 Hypseus

115 809 370 864 Oebalias
409 808 666 881 (namque
705 811 809 864 hae
847 827 1105 880 magnum
1146 813 1201 862 et
1241 810 1444 880 gentile
1482 813 1756 864 tumentes
1810 828 1812 830 ’

112 884 415 939 Euboicum
455 885 602 938 duris
641 887 903 954 rumpunt
939 884 1266 938 umbonibus
1307 882 1525 956 agmen)
1721 897 1808 938 430

113 957 373 1030 Reppulit
412 962 597 1028 erepto
638 959 795 1012 cunei
835 958 1054 1012 ductore
1094 958 1358 1012 Menalca.

113 1031 218 1087 Hic
258 1037 314 1087 et
350 1035 532 1087 mente
569 1033 776 1099 Lacon,
816 1033 966 1086 crudi
1004 1033 1262 1087 torrentis
1304 1033 1552 1086 alumnus

113 1104 251 1176 (Nec
289 1107 536 1177 turpavit
575 1105 749 1178 avos),
789 1107 1007 1160 hastam
1045 1107 1190 1160 ultra
1229 1110 1417 1177 pectus
1458 1110 1702 1176 euntem,

112 1179 197 1234 Ne
235 1181 408 1251 pudor
448 1182 506 1234 in
544 1184 728 1251 tergo,
768 1200 864 1251 per
903 1184 958 1235 et
998 1199 1124 1234 ossa
1163 1185 1218 1234 et
1256 1182 1467 1236 viscera
1503 1184 1650 1235 retro

111 1253 372 1309 Extrahit
410 1259 572 1325 atque
612 1255 760 1309 hosti
799 1256 987 1308 dextra
1025 1256 1244 1309 labente
1283 1255 1516 1309 remittit
1717 1266 1805 1307 435

115 1327 501 1400 Sanguineam:
545 1329 742 1383 dilecta
781 1330 936 1399 genis
976 1330 1259 1383 morientis
1301 1330 1561 1383 oberrant
1591 1328 1595 1332 ’

114 1403 358 1473 Taygeta
397 1406 452 1457 et
489 1420 706 1474 pugnae
744 1403 1072 1472 laudataque
1111 1406 1334 1472 pectora
1371 1404 1551 1456 matri.

111 1476 447 1530 Phaedimon
484 1476 700 1530 Iasiden
740 1495 867 1530 arcu
906 1476 1167 1530 Dircaeus
1207 1477 1476 1545 Amyntas

111 1550 390 1604 Destinat:
430 1551 536 1603 heu
576 1552 779 1604 celeres
815 1550 1040 1604 Parcae!
1079 1551 1190 1604 iam
1228 1551 1464 1621 palpitat
1503 1551 1646 1604 arvis

113 1624 443 1679 Phaedimus
451 1667 467 1694 ,
500 1627 555 1678 et
586 1625 720 1678 certi
750 1625 993 1678 nondum
1024 1628 1172 1678 tacet
1203 1642 1358 1678 arcus
1391 1624 1675 1694 Amyntae.
1715 1638 1802 1677 440

113 1699 363 1753 Abstulit
401 1717 466 1752 ex
504 1717 691 1752 umero
733 1699 979 1753 dextram
1019 1697 1352 1768 Calydonius
1392 1699 1604 1768 Agreus

112 1771 385 1844 Phegeos:
424 1773 519 1826 illa
559 1791 716 1826 suum
755 1777 902 1826 terra
935 1776 1087 1826 tenet
1126 1773 1377 1842 improba
1414 1773 1617 1826 sermm

110 1846 186 1899 Et
224 1849 430 1913 movet3
473 1847 724 1899 extimuit
764 1864 953 1916 sparsa
991 1848 1134 1900 inter
1171 1847 1284 1900 tela
1322 1847 1589 1900 iacentem

112 1919 499 1990 Praegrediens
538 1924 890 1989 truncamque
922 1923 1107 1973 tamen
1143 1921 1414 1989 percussit
1453 1921 1699 1974 Acoetes,
1840 1980 1842 1982 v

112 1993 275 2062 Iphin
301 1997 456 2047 atrox
481 1993 731 2063 Acamas,
763 1993 977 2064 Argum
1002 1994 1149 2048 ferus
1173 1994 1392 2064 impulit
1414 1993 1682 2064 Hypseus,
1715 2007 1801 2047 445

112 2066 318 2121 Stravit
355 2067 578 2121 Abanta
615 2067 817 2121 Pheres
828 2111 842 2138 ,
881 2069 1199 2138 diversaque
1239 2069 1461 2121 vulnera
1499 2069 1691 2125 flentes

229 2233 329 2272 440.
367 2228 587 2272 ‘necdum
618 2229 734 2273 certi
767 2231 800 2272 t.
835 2242 874 2272 a.
908 2228 1158 2284 Amyntae'
1195 2227 1343 2272 Serv.
1377 2228 1438 2271 ad
1468 2227 1582 2272 Aen.
1608 2227 1672 2271 XI
1703 2231 1803 2273 864.

229 2366 315 2405 424
348 2363 630 2417 aeternoque
668 2361 836 2419 adfigit
865 2366 898 2405 P
931 2362 1206 2417 alternoque
1241 2360 1414 2418 affligit
1444 2366 1567 2404 GrB.
1599 2361 1740 2419 Pray.
1772 2363 1805 2404 2

108 2424 141 2463 1.
174 2418 450 2476 adfligitque
481 2422 550 2466 vel
581 2419 846 2478 affligitque
879 2420 1061 2468 alterno
1084 2424 1118 2463 Β
1133 2426 1213 2464 ΒΜ
1236 2421 1250 2477 ΙΙ
1274 2425 1360 2464 431
1385 2421 1597 2465 menalce
1621 2425 1653 2463 P
1676 2422 1691 2477 ΙΙ
1714 2423 1801 2463 433

109 2478 235 2524 ultra
265 2483 383 2522 1²01·
414 2480 638 2525 Heinsius
676 2479 803 2524 intra
832 2484 957 2523 Bsu
994 2481 1011 2536 [Ι
1049 2483 1137 2524 434
1168 2478 1267 2524 Nec
1297 2484 1330 2523 P
1368 2481 1384 2536 ΙΙ
1422 2485 1507 2525 437
1547 2480 1740 2538 pectora
1770 2482 1803 2519 P

108 2540 300 2595 pectore
326 2543 360 2581 G
390 2538 588 2583 verbera
610 2542 738 2582 Bau
769 2540 900 2584 schol.
933 2538 1143 2594 verbera,
1175 2540 1237 2583 al.
1265 2553 1322 2584 m.
1346 2552 1577 2595 swprascr,
1610 2539 1803 2595 pectora

109 2597 237 2643 Leid.
271 2596 466 2641 vulnera
495 2598 606 2642 Beh.
633 2599 648 2654 ΙΙ
672 2602 758 2643 438
789 2597 1046 2642 Phaedimo
1084 2596 1250 2642 asiden
1281 2602 1313 2640 P
1341 2600 1346 2654 Ι
1376 2597 1589 2643 dictaeus
1621 2603 1653 2640 P
1676 2599 1691 2652 ss
1715 2600 1802 2638 440

109 2657 309 2701 necdum
338 2656 454 2700 certi
479 2657 602 2702 Serv.
627 2657 643 2713 ΙΙ
667 2662 754 2701 442
781 2672 915 2702 suum
941 2657 1117 2712 dextra,
1143 2658 1204 2702 al.
1228 2671 1284 2702 m.
1310 2671 1540 2714 suprascr,
1568 2658 1715 2701 duruo
1740 2658 1772 2695 P
1790 2654 1801 2706 η’,

111 2720 198 2761 444
228 2714 541 2773 Progrediens
564 2720 610 2759 Π
635 2716 732 2761 edd.
758 2716 774 2773 ΙΙ
798 2721 884 2761 445
918 2729 1103 2760 acamas
1128 2720 1241 2759 PBb
1267 2716 1488 2761 achamas
1515 2722 1644 2769 sagr
1669 2713 1800 2757 Leid.

113 2774 328 2820 athamas
361 2780 406 2818 Π
450 2774 677 2819 achantas
716 2779 756 2818 B
793 2776 809 2831 ΙΙ
847 2781 933 2820 446
974 2774 1127 2819 ferens
1167 2780 1200 2818 P
1238 2775 1358 2820 feres
1398 2780 1519 2818 BGT
1555 2774 1726 2830 phares
1758 2774 1801 2812 Η

113 2846 236 2878 seres
268 2849 291 2878 0
321 2836 337 2891 ΙΙ
371 2834 484 2880 Post
522 2849 561 2879 v.
595 2838 686 2878 446
718 2848 749 2879 a
783 2833 888 2879 Gul.
925 2834 1120 2879 Cantero
1160 2836 1335 2879 inlatus
1366 2835 1594 2891 leyebatwr
1626 2843 1801 2876 versus:

111 2889 282 2936 Guttur
297 2893 439 2951 Iphis,
466 2892 590 2937 latus
607 2892 775 2949 Argus,
801 2893 927 2937 Abas
950 2894 1000 2937 in
1024 2892 1178 2937 fronte
1197 2907 1420 2947 cruorem,
1438 2906 1564 2949 quem
1581 2890 1799 2949 expumaei.
