2008 3198
238 193 343 246 108
401 254 407 257 χ
808 193 858 240 P.
891 192 1119 238 PAPINH
1152 193 1345 238 STATn

238 313 441 376 Quodsi
481 313 612 366 adeo
652 314 834 383 placui
871 314 1116 367 deflenda
1154 314 1211 366 in
1249 317 1496 384 tempora
1534 320 1711 385 vates,
1835 329 1924 372 635

235 388 426 442 Dicam
460 387 729 457 equidem,
771 405 876 457 quo
908 406 994 441 me
1026 387 1304 458 LachesiS‚
1344 407 1448 458 quo
1477 391 1638 445 torva
1666 389 1925 463 Megaera

234 461 420 531 Usque
454 462 657 515 sinunt·
696 462 924 532 bellum,
963 462 1246 515 innumero
1279 463 1426 516 venit
1454 463 1687 534 undique
1717 465 1924 519 bellum

233 536 492 606 Agmine,
531 534 907 605 Lernaeosque
945 535 1117 589 trahit
1154 535 1338 589 fatalis
1380 537 1627 592 alumnos

234 610 503 664 Gradivus
546 610 806 679 stimulis3
846 609 946 662 hos
987 613 1164 662 terrae
1203 613 1452 664 monstra
1492 611 1754 681 deumque

234 684 366 738 Tela
397 687 619 737 manent
649 683 970 752 pulchrique
1002 684 1181 737 obitus
1215 687 1269 736 et
1302 685 1370 737 ab
1404 686 1529 755 igne
1553 700 1806 755 supremo
1837 697 1925 774 640

236 757 429 812 Sontes
469 759 590 827 lege
630 775 830 811 morae.
907 756 1071 811 Certa
1110 761 1194 810 est
1231 759 1460 812 victoria
1499 759 1724 830 Thebis,

234 831 319 885 Ne
358 832 593 901 trepida,
631 849 729 885 nec
768 848 936 901 regna
973 830 1127 884 ferox
1168 849 1457 916 germanus
1495 833 1744 904 habebit,

235 905 338 960 Sed
377 905 569 959 Furias
610 905 991 975 geminumque
1029 904 1182 958 nefas
1222 907 1554 976 miserosque
1592 925 1689 976 per
1728 925 1880 963 enses

235 978 330 1050 (Ei
368 978 548 1049 mihil)
590 978 819 1033 crudelis
859 979 1028 1032 vincit
1066 978 1255 1048 pater?
1331 979 1481 1034 Haec
1519 981 1615 1034 ubi
1645 981 1824 1052 ‘fatuS‚

233 1054 464 1107 Labitur
505 1056 558 1106 et
596 1053 735 1106 flexa
775 1052 965 1106 dubios
1007 1053 1235 1123 ambage
1273 1054 1546 1123 relinquit.
1838 1067 1924 1110 645

306 1127 523 1181 Interea
564 1127 802 1196 gelidam
842 1125 1085 1180 Nemeen
1125 1130 1180 1180 et
1219 1128 1434 1181 conscia
1473 1128 1648 1181 laudis

231 1201 531 1254 Herculeae
572 1201 789 1253 dumeta
827 1218 969 1270 vaga
1007 1201 1219 1271 legione
1257 1201 1520 1254 tenebant

231 1274 544 1345 Inachidae3
585 1275 696 1327 iam
737 1272 984 1327 Sidonias
1026 1278 1269 1328 avertere
1307 1276 1560 1344 praedaS,

234 1348 508 1418 Sternere,
547 1348 689 1400 ferre
729 1349 919 1401 domos
960 1348 1149 1401 ardent
1179 1349 1508 1418 instantque.
1585 1348 1716 1412 Quis
1754 1349 1864 1404 iras

231 1423 491 1492 Flexerit‚
531 1421 671 1475 unde
704 1440 910 1489 morae,
949 1422 1155 1475 medius
1189 1422 1310 1491 quis
1342 1423 1595 1476 euntibus
1628 1441 1799 1493 error,
1837 1436 1925 1478 650

231 1496 477 1562 Phoebe,
518 1495 674 1550 doce:
714 1514 813 1549 nos
854 1514 978 1548 rara
1017 1499 1241 1549 manent
1282 1496 1499 1549 exordia
1538 1497 1728 1551 famae.

305 1570 577 1623 Marcidus
619 1570 857 1622 edomito
897 1570 1100 1623 bellum
1139 1569 1409 1623 referebat
1450 1571 1517 1624 ab
1557 1569 1768 1625 Haemo

231 1643 414 1714 Liber3
455 1644 532 1696 ibi
573 1642 856 1696 armiferos
897 1643 1143 1712 geminae
1182 1644 1291 1695 iam
1332 1643 1509 1697 sidera
1546 1644 1769 1698 brumae

234 1717 404 1788 Orgia
444 1717 583 1769 ferre
625 1716 788 1769 Getas
829 1735 1130 1785 canumque
1170 1717 1433 1769 virescere
1472 1717 1632 1771 dorso

233 1790 449 1859 Othryn
489 1793 543 1842 et
579 1789 788 1843 uvifera
825 1789 1127 1858 Rhodopen
1168 1790 1488 1843 adsueverat
1526 1791 1740 1861 umbra,
1835 1804 1923 1874 655

230 1863 307 1917 Et
345 1864 456 1916 iam
496 1864 812 1932 pampineos
845 1866 1092 1917 materna
1133 1863 1200 1916 ad
1240 1864 1453 1917 moenia
1492 1882 1678 1918 currus

234 1938 547 2008 Promovet3
590 1937 819 1990 effrenae
860 1937 1048 1990 dextra
1087 1938 1348 2006 laevaque
1390 1941 1688 2007 sequuntur

233 2011 466 2081 Lynces,
505 2015 560 2064 et
599 2011 708 2063 uda·
745 2028 893 2064 mero
933 2011 1182 2063 lambunt
1220 2011 1522 2064 retinacula
1561 2012 1745 2081 tigres.

230 2086 364 2139 Post
403 2086 708 2138 exultantes
751 2085 926 2154 spolia
965 2084 1287 2136 armentalia
1324 2087 1546 2151 portant

234 2157 642 2226 Seminecesque
682 2159 840 2226 lupos
883 2157 1183 2225 scissasque
1222 2156 1564 2210 Mimallones
1604 2176 1773 2212 ursas
1834 2171 1921 2215 660

229 2232 345 2284 Nec
384 2232 675 2284 comitatus
716 2231 881 2283 iners:
924 2234 1049 2283 sunt
1086 2231 1198 2282 illic
1239 2229 1330 2282 Ira
1368 2229 1644 2300 Furorque

229 2304 305 2357 Et
342 2304 521 2357 Metus
562 2307 616 2356 et
654 2303 846 2356 Virtus
888 2306 942 2355 et
979 2322 1275 2372 numquam
1317 2303 1529 2357 sobrius
1569 2303 1750 2358 Ardor

233 2377 586 2446 succiduique
627 2377 824 2446 gradus
866 2379 920 2430 et
959 2380 1139 2429 castra
1180 2376 1459 2429 simillima
1498 2378 1632 2448 regi.

350 2526 436 2566 635
483 2521 675 2578 placuto
722 2527 754 2564 P
789 2523 804 2578 ΙΙ
840 2526 923 2566 643
973 2520 1066 2565 Sed
1111 2520 1261 2565 furiae
1307 2523 1434 2567 codd.
1484 2521 1574 2566 Sed
1620 2522 1766 2567 furias
1805 2536 1920 2568 corr.

229 2581 497 2627 Koestlinus
527 2579 615 2625 Per
638 2580 784 2623 furias
810 2581 888 2625 Pe
874 2582 1097 2638 Jraredus
1122 2579 1213 2624 Sed
1243 2579 1391 2624 furiae
1424 2581 1758 2638 geminantque
1787 2580 1921 2626 nefas

230 2640 539 2685 Baehrensius
562 2640 577 2695 11
602 2645 686 2684 645
726 2639 920 2695 reliquit
949 2641 1062 2683 Ροδ
1085 2640 1101 2695 ΙΙ
1125 2643 1208 2684 651
1242 2642 1436 2684 monent
1467 2646 1499 2683 P
1521 2643 1536 2697 ss
1559 2645 1645 2706 652
1685 2638 1921 2684 Marcidus

229 2699 393 2743 Edono
444 2699 758 2743 Marklandus
789 2701 804 2756 ΙΙ
836 2704 920 2743 653
971 2697 1185 2764 ·sgelidae
1231 2702 1264 2740 P
1312 2700 1345 2755 γ
1379 2701 1400 2742 1
1446 2698 1662 2765 geminae
1698 2703 1731 2741 P
1775 2712 1919 2757 marry.

231 2758 418 2815 gelidae
452 2762 478 2800 S
502 2771 577 2815 pr.
611 2771 667 2801 m.
711 2757 937 2811 G²chd
965 2761 971 2814 Ι
1001 2756 1155 2802 sidera
1193 2761 1225 2799 P
1259 2755 1410 2801 sidere
1449 2762 1535 2800 ΒΜ
1573 2756 1752 2814 frigora
1784 2762 1810 2800 8
1839 2771 1917 2814 pr.

231 2860 286 2890 m.
327 2845 502 2903 frigore
543 2844 600 2888 (3²
645 2858 750 2889 cum
791 2844 941 2889 sidere
982 2851 1008 2888 S
1048 2859 1130 2890 sec.
1170 2859 1226 2889 m.
1267 2845 1397 2890 Leid.
1430 2847 1445 2902 ss
1478 2849 1564 2890 655
1593 2831 1825 2889 uuiferaP
1840 2859 1917 2902 pr.

230 2918 286 2949 m.
312 2913 342 2946 o
365 2904 514 2948 icaria
529 2909 561 2947 P
586 2918 728 2963 marq.
753 2902 900 2948 icaria
925 2906 1057 2949 ceteri
1078 2903 1259 2948 uvifera
1281 2905 1448 2962 scripsi
1469 2906 1485 2961 ΙΙ
1508 2908 1593 2948 657
1619 2905 1839 2948 secuntur
1851 2907 1920 2948 Bc
1997 2919 2008 2939 ε

1995 2944 2008 3041 3

1992 3042 2008 3198 3
