2008 3198
654 141 663 152 ι
701 182 1044 230 THEBAIDOS
1076 183 1186 229 LIB.
1220 184 1275 229 H.
1755 186 1828 238 49

135 306 414 360 Monstrat
453 305 592 359 silva
630 306 806 375 nefaS‚
844 306 1070 359 horrent
1106 306 1287 359 vicina
1324 306 1535 360 iuvenci

135 379 423 449 Gramina,
463 379 732 433 damnatis
775 380 991 434 avidum
1030 397 1193 449 pecus
1235 380 1471 434 abstinet
1509 379 1710 433 herbis,
1744 391 1830 432 520

135 454 266 509 Non
282 453 558 523 Dryadum
587 454 767 522 placet
790 454 982 506 umbra
1008 453 1203 523 choriS‚
1226 472 1335 507 non
1359 454 1642 508 commoda
1662 453 1831 507 sacris

137 527 473 596 Faunorum,
513 527 765 598 diraeque
807 527 971 580 etiam
1009 527 1197 597 fugere
1237 528 1482 582 volucres

141 601 452 672 Prodigiale
491 619 696 656 nemus,
773 600 975 654 Tacitis
1015 601 1122 654 huc
1163 602 1438 670 gressibus
1480 602 1587 655 acti

141 676 452 730 Deveniunt
490 676 729 744 peritura
769 675 987 745 cohorS‚
1026 675 1344 745 hostemque
1386 677 1676 744 superbum

143 749 347 803 Adnixi
387 749 577 802 iaculis
618 753 671 801 et
708 749 860 801 humi
897 749 1079 817 posita
1118 767 1268 802 arma
1305 753 1552 802 tenentes
1749 762 1834 802 525

143 823 452 892 Expectant
489 823 760 892 densaque
799 841 987 876 nemus
1029 824 1266 876 statione
1307 826 1583 877 coronant.

220 895 490 965 Coeperat
526 898 734 950 umenti
772 897 1054 951 Phoebum
1094 899 1376 950 subtexere
1415 898 1562 966 palla

143 969 271 1024 Nox
312 974 366 1024 et
405 972 710 1024 caeruleam
749 972 906 1024 terris
946 971 1220 1025 infuderat
1256 973 1523 1024 umbram.

145 1044 250 1098 Ille
288 1045 693 1115 propinquabat
733 1045 886 1098 silvis
928 1049 982 1098 et
1022 1046 1088 1098 ab
1131 1063 1330 1116 aggere
1371 1047 1512 1099 celso

150 1117 318 1172 Scuta
356 1119 532 1171 virum
573 1119 871 1189 cristasque
911 1119 1060 1173 videt
1099 1120 1325 1173 rutilare
1366 1122 1658 1187 comanteS,
1751 1131 1839 1171 530

150 1192 269 1254 Qua
307 1193 497 1246 laxant
534 1194 675 1246 rami
713 1212 900 1246 nemus
943 1193 1274 1262 adversaque
1314 1194 1412 1246 sub
1454 1194 1649 1246 umbra

149 1265 459 1319 Flammeus
502 1268 701 1320 aeratis
740 1269 898 1321 lunae
937 1270 1139 1321 tremor
1181 1271 1325 1320 errat
1363 1268 1421 1320 in
1462 1268 1641 1320 armis,

152 1339 435 1409 Obstipuit
472 1341 630 1408 visis,
668 1341 784 1394 ibat
823 1344 1032 1411 tamen,
1070 1342 1292 1394 horrida
1330 1345 1545 1394 tantum
1615 1347 1617 1349 ’

155 1413 375 1483 Spicula
415 1417 469 1466 et
507 1414 777 1467 inclusum
817 1416 1008 1483 capulo
1049 1418 1207 1468 tenus
1249 1416 1502 1468 admovet
1542 1433 1747 1483 ensem,

158 1487 240 1540 Ac
277 1488 426 1556 prior
459 1486 638 1557 eunde,
676 1489 801 1557 viri,
840 1489 1033 1558 quidve
1075 1489 1358 1542 occultatis
1390 1491 1448 1541 in
1483 1488 1703 1542 armis‘?'
1759 1501 1844 1542 535

157 1560 284 1614 Non
322 1562 518 1614 humili
555 1564 762 1615 terrore
800 1567 976 1632 rogat.
1052 1562 1167 1616 Nec
1205 1563 1416 1616 reddita
1454 1566 1643 1616 contra

157 1634 303 1704 Vox,
343 1635 614 1705 fidamque
652 1640 857 1706 negant
897 1641 1150 1706 suspecta
1190 1637 1406 1690 silentia
1441 1655 1646 1706 pacem.

157 1707 298 1762 Ecce
339 1711 521 1762 autem
559 1713 715 1763 vasto
757 1708 1019 1781 Chthonii
1058 1714 1304 1765 contorta
1340 1712 1543 1764 lacerto
1555 1753 1568 1780 ,

160 1782 278 1844 Quo
320 1783 450 1837 duce
489 1784 630 1836 freta
671 1784 888 1853 cohors,
926 1785 1107 1838 fuscas
1148 1786 1442 1839 intervolat
1482 1803 1640 1838 auras

161 1856 358 1925 Hasta3
400 1857 493 1909 sed
533 1857 752 1910 audenti
791 1859 919 1910 deus
962 1863 1016 1911 et
1053 1860 1273 1912 fortuna
1312 1860 1549 1912 recessit.
1765 1871 1849 1911 540

162 1929 266 1982 Per
305 1933 490 1983 tamen
530 1930 708 1983 Olenii
748 1932 986 2001 tegimen
1027 1933 1138 1985 suis
1178 1933 1427 2002 hirtaque
1471 1934 1634 1986 saetis

162 2002 338 2074 Terga
378 2022 538 2073 super
578 2005 760 2058 laevos
800 2024 1014 2059 umeros
1054 2007 1232 2060 vicina
1272 2008 1446 2059 cruori

161 2076 371 2147 Effugit
410 2082 464 2130 et
502 2078 664 2131 viduo
705 2079 951 2149 iugulum
991 2080 1119 2133 ferit
1157 2080 1320 2133 inrita
1360 2081 1526 2150 ligno,

165 2150 316 2204 Tunc
354 2152 574 2205 horrere
616 2171 798 2207 comae
842 2155 1167 2224 sanguisque
1207 2156 1264 2207 in
1304 2155 1462 2207 corde
1504 2154 1688 2224 gelari.

165 2223 285 2278 Huc
326 2225 471 2279 ferus
512 2230 672 2294 atque
713 2228 843 2281 illuc
884 2229 1122 2281 animum
1162 2229 1530 2298 pallentiaque
1570 2230 1652 2280 ira
1769 2240 1853 2280 545

165 2296 272 2352 Ora
311 2299 486 2352 ferens
527 2298 648 2370 (nec
686 2304 841 2354 tanta
882 2305 1040 2370 putat
1080 2303 1184 2355 sibi
1224 2303 1370 2356 bella
1408 2300 1637 2373 parari):

285 2493 370 2532 523
411 2489 519 2533 huic
560 2495 592 2532 P
622 2491 639 2546 ss
672 2495 756 2535 530
797 2490 1056 2547 cristasque
1096 2493 1271 2536 PGHd‘
1333 2492 1587 2549 galeasque
1620 2491 1812 2534 Buff-’su
1844 2492 1856 2546 Η

167 2552 253 2591 536
293 2560 380 2590 nec
421 2548 601 2593 credita
641 2554 673 2592 1²
703 2551 718 2606 ΙΙ
751 2555 836 2595 538
879 2550 1057 2594 chromi
1088 2556 1119 2593 P
1153 2553 1249 2596 edd.
1284 2557 1382 2596 vett.
1449 2550 1629 2595 chronii
1667 2552 1858 2593 BG²sM

168 2605 366 2651 chromii
408 2611 442 2649 G
506 2607 670 2651 cromii
710 2611 792 2653 Τδ
854 2610 1039 2654 chronis
1080 2614 1121 2652 Η
1183 2610 1406 2655 Chthonii
1446 2625 1560 2655 corr.
1600 2610 1859 2654 Gronovius

167 2667 264 2711 coll.
300 2667 404 2709 III
436 2670 526 2710 170
560 2667 644 2710 IV
669 2671 760 2713 597
796 2669 1003 2715 Pau-scm.
1039 2669 1126 2712 IX
1155 2673 1196 2723 5,
1229 2674 1270 2715 3.
1319 2671 1462 2726 Apud
1494 2671 1743 2714 Homerum
1776 2669 1859 2723 (Il.

168 2724 250 2767 IV
276 2728 366 2770 394
390 2728 471 2781 sq.)
511 2726 620 2770 haec
659 2729 813 2772 cohors
853 2729 988 2773 duces
1018 2729 1150 2773 habet
1184 2730 1424 2774 Maeonem
1456 2729 1789 2773 Haemonidcm
1820 2732 1860 2772 et

171 2783 501 2841 Polyphontem
541 2785 809 2841 Autophom'
855 2788 1002 2842 filium
1041 2790 1055 2845 Η
1095 2792 1176 2832 541
1227 2790 1422 2843 atraque
1471 2789 1597 2832 codd.
1641 2785 1861 2841 hirtaque

170 2854 284 2886 corr.
317 2843 542 2888 Heinsius
605 2845 801 2900 artaque
836 2846 1055 2891 Menkius
1114 2860 1344 2903 aspraque
1376 2846 1713 2900 Bitschofskius
1735 2846 1750 2903 ss
1774 2850 1863 2890 544

171 2902 312 2945 corda
351 2906 425 2945 PB
458 2905 473 2959 ΙΙ
507 2907 591 2947 545
634 2902 778 2947 animi
808 2905 848 2948 it
877 2907 1186 2951 Baehrensius
1216 2908 1231 2964 ΙΙ
1264 2912 1348 2963 546
1381 2907 1551 2963 putans
1588 2906 1864 2963 Madviyius

262 2982 402 3017 Smwrn
427 2985 621 3019 Tuumne.
1478 2983 1505 3021 4
