2028 3190
673 193 1016 239 THEBAIDOS
1049 194 1159 240 LIB.
1192 193 1247 239 X.
1708 194 1742 245 2
1747 193 1816 246 83

123 317 200 372 Et
236 317 348 370 iam
386 317 542 370 laeva
580 316 721 384 viro,
760 315 1006 385 quamvis
1048 315 1255 368 saevire
1294 317 1504 368 vetaret
1730 327 1817 367 420

127 391 427 461 Amphion,
467 392 653 458 erepta
691 407 881 442 manus
892 431 905 456 ‚
944 390 1204 458 puerique
1244 389 1535 442 trahuntur

128 465 239 519 Ora
278 465 474 534 supina
512 463 704 517 comis:
745 481 894 516 serus
934 466 1063 518 tune
1102 463 1330 532 denique
1370 463 1595 531 supplex

126 538 378 592 Demisso
418 555 674 591 mucrone
714 541 894 607 rogat:
937 536 1320 604 ‘ModeratiUS‚
1361 554 1478 604 or0‚

126 613 342 682 Ducite,
381 611 630 665 fulminei
666 629 764 680 per
802 629 898 663 vos
939 611 1209 663 cunabula
1248 610 1450 663 Bacchi

125 687 421 756 Inoamque
460 685 647 756 fugam
687 684 959 754 vestrique
999 685 1338 738 Palaemonis
1380 686 1573 737 annos!
1732 697 1818 737 425

128 760 184 814 Si
225 761 311 814 eui
349 760 489 813 forte
530 758 676 812 domi
714 761 966 811 natorum
1006 759 1224 828 gaudia,
1266 759 1313 811 si
1352 758 1472 826 quis

127 834 232 887 Hic
270 836 447 903 pater,
487 832 727 904 angusti.
748 850 918 902 puero
959 833 1084 885 date
1123 832 1362 901 pulveris
1403 832 1632 885 haustus

126 908 502 978 Exiguamque
540 907 737 960 facem!
776 910 958 976 rogat,
999 925 1065 958 en
1108 909 1270 978 rogat
1308 906 1423 975 ipse
1463 906 1692 959 iacentis

125 982 348 1035 Vultus:
388 999 489 1052 ego
529 981 779 1033 infandas
820 981 1003 1050 potior
1044 980 1246 1033 satiare
1287 981 1556 1050 voluereS,

126 1055 214 1108 Me
252 1056 509 1125 praebete
547 1055 701 1123 feri8‚
742 1072 842 1124 ego
883 1054 1029 1107 bella
1071 1054 1264 1107 audere
1305 1053 1491 1124 coegi?
1733 1067 1820 1106 430

127 1128 349 1182 ‘Immo'
389 1130 468 1182 ait
507 1128 806 1198 Amphion,
847 1126 1058 1197 ‘regem
1099 1129 1144 1180 si
1183 1131 1341 1181 tanta
1381 1128 1573 1196 cupido

127 1202 391 1272 Condere,
432 1221 567 1272 quae
606 1202 813 1255 timidis
855 1202 986 1255 belli
1028 1220 1200 1271 mens,
1242 1202 1361 1271 ede,
1398 1201 1671 1272 PelasgiS‚

128 1276 269 1339 Quid
306 1277 471 1330 fracti
511 1293 887 1346 exanguesque
926 1279 1143 1345 parent3
1185 1278 1378 1329 cuneta
1416 1276 1564 1329 ocius
1605 1277 1754 1343 effer,

126 1350 202 1404 Et
241 1351 357 1403 vita
393 1351 711 1418 tumuloque
751 1349 900 1401 ducis
941 1351 1174 1403 donatus
1216 1349 1408 1403 abit0.'

128 1423 356 1477 Horruit
394 1426 451 1476 et
488 1425 607 1475 toto
647 1423 962 1491 praecordia
1001 1424 1250 1492 protinus
1291 1422 1463 1476 Areas
1734 1436 1820 1476 435

127 1497 384 1567 Implevit
421 1497 630 1566 capulo.
707 1494 1085 1550 ‘Summumne
1124 1497 1228 1550 hoc
1259 1495 1540 1550 'cladibus'
1581 1497 1781 1566 inquit,

130 1570 380 1640 ‘Deerat,
418 1573 482 1623 ut
520 1570 765 1623 adflictos
805 1573 1083 1639 turparem
1124 1589 1225 1641 ego
1265 1571 1512 1640 proditor
1550 1570 1769 1640 Argos?

126 1645 222 1698 Nil
262 1644 490 1698 emimus
529 1644 693 1711 tanti,
732 1662 830 1697 nec
872 1645 918 1696 si
956 1645 1092 1698 velit
1132 1645 1248 1713 ipse
1290 1643 1553 1697 cremari?

131 1717 218 1772 Sic
258 1719 358 1788 ait,
398 1722 453 1771 et
491 1734 691 1787 magno
730 1718 1062 1786 proscissum
1103 1719 1326 1771 vulnere
1365 1721 1552 1787 pectus

125 1792 320 1845 Inieeit
357 1809 545 1860 puero,
586 1809 943 1860 supremaque
983 1811 1261 1845 murmura
1301 1793 1545 1847 volvens:
1735 1806 1822 1847 440

131 1865 277 1918 ‘Hoc
315 1869 499 1918 tamen
537 1866 746 1917 interea
785 1865 931 1918 claro
972 1867 1184 1933 potiare
1224 1866 1503 1935 sepulcro?

130 1939 289 1992 Tales
331 1939 533 2007 optatis
573 1955 762 2007 regum
802 1939 859 1990 in
899 1939 1272 2007 complexibus
1314 1939 1500 2008 amb0,

129 2012 237 2065 Par
275 2012 488 2081 insigne
529 2012 747 2079 animiS,
787 2012 1010 2065 Aetolus
1052 2016 1107 2065 et
1145 2013 1364 2066 inolitus
1405 2011 1599 2082 AreaS,

130 2086 396 2157 Egregias
438 2085 626 2139 efflant
665 2085 871 2138 animas
913 2086 1128 2155 letoque
1167 2086 1435 2139 fruuntur.

127 2160 243 2214 Vos
277 2178 487 2230 quoque
521 2159 741 2223 sacrati,
773 2160 1018 2228 quamvis
1051 2179 1172 2213 mea
1204 2161 1444 2213 earmina
1475 2165 1704 2231 surgant
1734 2173 1820 2213 445

127 2234 391 2287 Inferiore
431 2234 572 2303 lyra,
611 2251 876 2286 memores
917 2235 1245 2303 superabitis
1288 2251 1472 2295 annos.

130 2307 384 2360 Forsitan
423 2310 477 2359 et
515 2308 740 2360 comites
779 2325 891 2360 non
930 2309 1311 2376 aspernabitur
1349 2308 1568 2361 umbras

130 2380 397 2449 Euryalus
438 2380 766 2450 Phrygiique
806 2381 1058 2434 admittet
1097 2382 1274 2452 gloria
1314 2381 1448 2435 Nisi.

252 2530 335 2575 01
380 2525 536 2570 erecta
565 2529 598 2566 P
629 2526 644 2581 ΙΙ
675 2529 761 2569 422
802 2539 952 2582 serus,
994 2528 1053 2571 al.
1086 2541 1142 2571 m.
1177 2540 1405 2584 suprascr.
1438 2529 1460 2570 1
1492 2539 1594 2570 sero
1627 2531 1659 2570 P
1690 2527 1704 2583 ΙΙ
1736 2530 1821 2569 423

132 2582 453 2629 Moderantius
493 2583 719 2628 Barthius
747 2586 764 2641 ΙΙ
794 2589 882 2629 424
920 2599 1092 2642 paruos
1128 2585 1376 2639 cunabula,
1409 2587 1469 2630 al.
1502 2600 1557 2629 m.
1589 2599 1819 2641 suprascr.

134 2659 170 2688 s.
211 2643 283 2687 ad.
316 2647 349 2685 P
379 2646 394 2699 ΙΙ
425 2647 511 2687 428
551 2642 752 2686 tacentis
787 2645 1101 2689 Marklcmdus
1134 2646 1151 2701 ss
1181 2649 1266 2689 429
1307 2644 1525 2689 infandos
1557 2645 1675 2687 idem
1697 2645 1712 2701 ΙΙ
1735 2648 1821 2688 437

131 2702 370 2748 turbarem
393 2701 530 2744 Poste
554 2702 651 2746 edd.
683 2707 782 2747 vett.
808 2704 824 2759 ΙΙ
847 2706 934 2747 438
965 2716 1051 2747 neo
1084 2702 1124 2746 si
1155 2707 1228 2746 PB
1240 2703 1295 2746 α’
1320 2718 1395 2760 pr.
1428 2719 1484 2748 m.
1526 2719 1557 2757 g
1588 2703 1717 2747 Leid.
1743 2716 1820 2759 pr.

134 2806 191 2837 m.
238 2804 324 2835 neo
373 2789 439 2833 sic
479 2792 560 2831 su
598 2791 612 2847 ΙΙ
651 2794 735 2833 441
786 2789 969 2834 interea
1016 2791 1065 2833 et
1110 2792 1162 2834 tu
1200 2775 1385 2848 potig're
1416 2796 1448 2833 P
1480 2790 1606 2834 claro
1638 2789 1822 2847 potiare

133 2850 339 2953 {3222
352 2848 564 2965 anqli'ehh.
597 2861 706 2892 caro
737 2849 917 2905 potiere
949 2854 994 2892 u
1025 2850 1121 2895 edd.
1153 2851 1170 2907 ΙΙ
1200 2854 1286 2894 445
1311 2864 1400 2906 sqq.
1437 2848 1504 2904 Cf.
1545 2849 1671 2907 Very.
1705 2850 1820 2895 Aen.
