1942 3190
174 167 217 212 X
678 166 964 213 EDITORIS
994 166 1354 212 PRAEFATIO.

324 287 468 343 Ood.
516 286 851 341 Gudianus
899 287 972 341 54
1012 286 1134 359 (G2)
1181 290 1499 359 membran„
1551 306 1584 341 a
1620 287 1866 358 pluribus

173 362 409 415 librariis
451 380 585 415 saec.
635 362 918 415 undecimo
966 359 1064 434 (an
1102 362 1371 433 decimo‘?)
1421 364 1695 432 exaratus,
1742 380 1869 417 con-

63 451 65 453 ’
173 437 314 489 tinet
353 436 464 490 foll.
507 436 612 488 162
652 434 761 506 (vel
798 436 980 504 potius
1023 436 1151 507 163,
1198 440 1320 490 cum
1364 454 1620 490 numerus
1671 436 1745 490 20
1782 436 1868 490 bis

174 511 404 580 scriptus
432 505 548 580 sit)
587 509 888 578 Thebaida,
942 513 995 563 et
1033 510 1101 563 ab
1155 511 1310 564 initio
1365 512 1614 564 mutilam
1663 528 1764 564 nec
1809 510 1870 569 in

172 585 328 637 libris
366 583 755 653 posterioribus
787 584 1081 654 integram,
1120 587 1175 637 et
1211 585 1337 638 inde
1378 604 1410 638 a
1434 585 1526 638 fol.
1553 583 1660 638 145
1683 583 1869 637 Achil-

173 658 340 728 leida‚
377 658 656 711 nonnullis
687 658 824 711 locis
856 677 1021 711 :manu
1051 676 1185 712 saec.
1218 658 1519 712 duodecimi
1549 659 1870 727 suppletam.

173 731 389 786 Desunt
429 733 573 784 enim
613 750 645 784 a
692 750 856 784 manu
902 733 1078 801 prima
1122 751 1309 785 versus
1348 733 1377 785 I
1421 733 1540 786 106.
1591 733 1712 785 107.
1759 730 1868 785 529

174 807 371 860 -660,
415 806 538 860 753.
581 806 886 860 772-786.
938 807 1060 860 881.
1116 807 1237 860 882.
1288 806 1411 860 895.
1449 805 1505 859 II
1551 806 1637 859 53.
1679 834 1745 844 -—
1794 803 1870 859 Et

173 879 518 934 Parisinus
567 880 780 949 quidem
828 883 989 950 atque
1038 879 1368 933 Gudianus
1414 883 1478 933 ut
1523 879 1709 933 eadem
1746 897 1869 949 pro-

173 955 481 1025 pinquitate
531 973 651 1008 cum
691 954 1018 1007 Puteaneo
1067 955 1361 1023 coniuncti,
1406 954 1485 1007 ita
1521 954 1664 1006 inter
1703 971 1761 1007 se
1801 952 1869 1006 si-

173 1029 389 1082 millimi
429 1046 545 1081 esse
577 1028 712 1080 mihi
742 1028 1005 1097 videntur,
1043 1031 1106 1081 ut
1138 1046 1202 1081 ex
1226 1046 1335 1081 uno
1369 1028 1660 1097 eodemque
1693 1044 1867 1080 exem-

174 1104 266 1172 plo
313 1103 611 1172 descriptos
659 1120 752 1155 eos
800 1120 941 1170 esse,
989 1102 1045 1155 id
1092 1103 1394 1171 exemplum
1441 1104 1623 1155 autem
1661 1103 1723 1154 ut
1759 1101 1869 1153 iam

174 1195 337 1246 supra
375 1177 484 1229 dixi
520 1193 772 1229 manasse
802 1177 1105 1246 putaverim
1146 1194 1211 1229 ex
1243 1176 1430 1229 eodem
1455 1175 1765 1245 archetypo,
1805 1192 1870 1227 ex

175 1269 280 1320 quo
321 1250 580 1304 deductus
622 1251 693 1303 sit
713 1258 771 1304 P.
822 1250 964 1303 Illud
998 1249 1212 1320 quidem
1245 1250 1546 1318 exemplum
1571 1267 1685 1303 non
1707 1249 1868 1318 plane

174 1325 449 1393 integrum
486 1325 678 1391 fuisse,
726 1343 791 1377 ex
829 1342 892 1377 eo
933 1324 1070 1377 effici
1109 1326 1314 1393 potest,
1363 1323 1504 1393 quod
1541 1323 1602 1376 in
1637 1325 1869 1392 utroque

176 1398 356 1452 codice
397 1401 452 1451 31
489 1416 676 1451 versus
716 1398 1031 1451 529-660
1071 1396 1228 1469 (662)
1267 1398 1394 1451 libri
1431 1397 1592 1467 primi
1632 1414 1665 1450 a
1702 1413 1870 1449 manu

174 1474 345 1525 altera
384 1471 644 1542 adscripti
683 1475 823 1541 sunt,
854 1490 961 1535 'nec
998 1473 1110 1525 ulla
1149 1472 1216 1525 ad
1259 1470 1556 1525 Achilleida
1585 1470 1868 1524 inveniun-

173 1550 263 1601 tur
303 1547 529 1617 scholia,
570 1545 706 1616 (11133
745 1547 813 1599 ad
852 1546 1131 1599 Thebaida
1168 1546 1441 1599 uberrima
1481 1547 1711 1598 exstant.

322 1621 519 1675 Tribus
587 1621 696 1673 illis
766 1620 959 1689 optimi
1028 1620 1240 1689 generis
1311 1618 1570 1687 exemplis
1647 1617 1870 1687 adiungi

174 1699 356 1766 potest
420 1695 548 1749 cod.
610 1693 950 1746 Leidensis
1018 1692 1202 1762 (Bibl.
1266 1692 1444 1745 Publ.
1498 1691 1631 1744 Lat.
1684 1689 1870 1744 XVIII

180 1771 284 1824 136
309 1769 383 1840 K)
415 1769 710 1822 membran.
733 1767 846 1821 foll.
877 1767 1006 1837 129,
1041 1784 1175 1819 saec.
1201 1765 1515 1819 duodecimo
1539 1765 1626 1818 vel
1648 1765 1869 1818 ineunte

174 1844 339 1898 tertio
394 1843 599 1896 decimo
656 1844 932 1907 exaratus,
1004 1842 1062 1893 in
1108 1840 1352 1910 margine
1404 1838 1680 1893 nonnullis
1734 1838 1869 1892 locis

177 1938 210 1971 a
249 1935 415 1971 manu
454 1917 750 1969 recentiore
790 1917 1085 1984 correctuS,
1125 1932 1283 1983 quem
1321 1914 1437 1982 ipse
1477 1912 1704 1981 contuli3
1745 1929 1867 1966 con·

175 1993 418 2045 tinentur
456 1990 716 2044 Achilleis
758 1990 876 2060 (fol.
919 1987 1211 2059 1a—14b)
1253 1990 1308 2040 et
1338 1987 1587 2039 Thebais,
1646 1985 1868 2054 Propin-

175 2066 380 2136 quitate
442 2065 588 2117 hunc
651 2083 772 2117 cum
833 2071 883 2116 A
945 2063 1289 2115 coniunctum
1353 2078 1496 2129 esse,
1559 2077 1624 2111 ea
1684 2077 1747 2111 ex
1809 2076 1868 2112 re

177 2139 410 2193 maxime
450 2137 700 2192 concludi
739 2138 933 2205 potest,
973 2135 1116 2204 quod
1154 2135 1213 2187 in
1251 2134 1359 2186 illis
1401 2136 1632 2203 quatuor
1672 2132 1866 2187 codici-

175 2215 276 2267 bus
323 2214 461 2266 liber
506 2211 840 2266 Achilleidos
892 2209 1157 2263 secundus
1206 2225 1365 2261 versu
1415 2225 1479 2261 eo
1532 2207 1747 2260 demum
1785 2206 1868 2259 in-

177 2288 330 2357 cipit,
371 2287 463 2357 qui
502 2289 584 2339 est
620 2286 679 2338 in
714 2284 995 2354 permultis
1034 2280 1170 2337 MSS
1219 2284 1273 2335 et
1319 2281 1569 2335 omnibus
1607 2280 1719 2333 fere
1758 2279 1866 2333 edi-

176 2362 416 2415 tionibus
454 2360 581 2413 libri
622 2358 842 2413 secundi
881 2359 1014 2412 2872

325 2435 512 2488 ‘Exuit
540 2433 863 2503 implicitum
900 2429 1138 2484 tenebris
1170 2429 1477 2482 umentibus
1510 2425 1730 2481 orbem'.

324 2509 406 2562 Ac
429 2515 473 2562 P
498 2507 714 2578 quidem
746 2509 801 2559 et
824 2505 992 2559 Leid.
1026 2506 1208 2573 aperte
1241 2503 1440 2555 librum
1473 2501 1709 2571 primum
1741 2518 1866 2554 con-

177 2583 398 2636 cludunt
450 2582 823 2651 incipiuntque
876 2574 1242 2646 secundum⁴);
1298 2576 1356 2629 in
1401 2585 1486 2629 Pc
1535 2578 1590 2628 et
1637 2572 1711 2628 αἳ
1765 2574 1868 2627 etsi

296 2745 341 2798 4)
382 2740 718 2786 Vetustissima
751 2739 890 2784 Statii
936 2737 1096 2795 editio,
1135 2736 1262 2794 typis
1304 2735 1538 2792 descripta
1573 2731 1784 2779 Venetiis
1825 2746 1866 2778 a.

181 2803 316 2856 1508,
357 2813 476 2857 quae
516 2813 622 2844 cum
660 2800 777 2843 haec
816 2797 1077 2843 scribebam
1114 2796 1165 2841 in
1202 2810 1365 2841 manus
1404 2792 1631 2852 pervenit,
1671 2791 1868 2838 eandem

176 2857 403 2905 librorum
435 2857 809 2903 distributionem
840 2856 996 2904 habet.
