<?xml version="1.0" encoding="UTF-8"?>
<!DOCTYPE html PUBLIC "-//W3C//DTD XHTML 1.0 Transitional//EN"
    "http://www.w3.org/TR/xhtml1/DTD/xhtml1-transitional.dtd">
<html xmlns="http://www.w3.org/1999/xhtml" xml:lang="en" lang="en">
 <head>
  <title>
</title>
<meta http-equiv="Content-Type" content="text/html;charset=utf-8" />
  <meta name='ocr-system' content='tesseract 3.04.00' />
  <meta name='ocr-capabilities' content='ocr_page ocr_carea ocr_par ocr_line ocrx_word'/>
</head>
<body>
  <div class='ocr_page' id='page_1' title='image "./operapapinius212statuoft_0087.png"; bbox 0 0 2008 3198; ppageno 0'>
   <div class='ocr_carea' id='block_1_1' title="bbox 623 167 1814 214">
    <p class='ocr_par' dir='ltr' id='par_1_1' title="bbox 623 167 1814 214">
     <span class='ocr_line' id='line_1_1' title="bbox 623 167 1814 214; baseline -0.002 0"><span class='ocrx_word' id='word_1_1' title='bbox 623 167 903 214; x_wconf 81' lang='lat' dir='ltr'><strong>EDITORIS</strong></span> <span class='ocrx_word' id='word_1_2' title='bbox 934 167 1290 214; x_wconf 85' lang='lat' dir='ltr'><strong>PRAEFATIO.</strong></span> <span class='ocrx_word' id='word_1_3' title='bbox 1683 167 1814 213; x_wconf 88' lang='lat' dir='ltr'>XVII</span> 
     </span>
    </p>
   </div>
   <div class='ocr_carea' id='block_1_2' title="bbox 118 289 1815 1026">
    <p class='ocr_par' dir='ltr' id='par_1_2' title="bbox 118 289 1815 804">
     <span class='ocr_line' id='line_1_2' title="bbox 268 289 1814 360; baseline -0.002 -15"><span class='ocrx_word' id='word_1_4' title='bbox 268 291 530 345; x_wconf 86' lang='lat' dir='ltr'>Maiorem</span> <span class='ocrx_word' id='word_1_5' title='bbox 539 291 774 344; x_wconf 89' lang='lat' dir='ltr'><strong>fructum</strong></span> <span class='ocrx_word' id='word_1_6' title='bbox 786 290 1152 360; x_wconf 89' lang='lat' dir='ltr'><strong>praebuerunt</strong></span> <span class='ocrx_word' id='word_1_7' title='bbox 1165 289 1565 343; x_wconf 74' lang='lat' dir='ltr'><strong>emendationes</strong></span> <span class='ocrx_word' id='word_1_8' title='bbox 1579 289 1814 343; x_wconf 90' lang='lat' dir='ltr'><strong>luculen-</strong></span> 
     </span>
     <span class='ocr_line' id='line_1_3' title="bbox 118 364 1812 434; baseline -0.002 -13"><span class='ocrx_word' id='word_1_9' title='bbox 118 367 362 421; x_wconf 81' lang='lat' dir='ltr'><strong>tissimae</strong></span> <span class='ocrx_word' id='word_1_10' title='bbox 403 369 457 419; x_wconf 90' lang='lat' dir='ltr'><strong>et</strong></span> <span class='ocrx_word' id='word_1_11' title='bbox 487 365 798 419; x_wconf 86' lang='lat' dir='ltr'><strong>Richardi</strong></span> <span class='ocrx_word' id='word_1_12' title='bbox 836 364 1127 434; x_wconf 85' lang='lat' dir='ltr'><strong>Bentlei,</strong></span> <span class='ocrx_word' id='word_1_13' title='bbox 1167 382 1302 433; x_wconf 90' lang='lat' dir='ltr'><strong>quae</strong></span> <span class='ocrx_word' id='word_1_14' title='bbox 1334 364 1586 434; x_wconf 90' lang='lat' dir='ltr'><strong>leguntur</strong></span> <span class='ocrx_word' id='word_1_15' title='bbox 1623 365 1680 416; x_wconf 87' lang='lat' dir='ltr'><strong>in</strong></span> <span class='ocrx_word' id='word_1_16' title='bbox 1718 364 1812 417; x_wconf 89' lang='lat' dir='ltr'><strong>illo</strong></span> 
     </span>
     <span class='ocr_line' id='line_1_4' title="bbox 118 435 1812 508; baseline -0.004 -13"><span class='ocrx_word' id='word_1_17' title='bbox 118 441 293 495; x_wconf 88' lang='lat' dir='ltr'><strong>Musei</strong></span> <span class='ocrx_word' id='word_1_18' title='bbox 346 439 646 493; x_wconf 76' lang='lat' dir='ltr'>Britannici</span> <span class='ocrx_word' id='word_1_19' title='bbox 702 439 974 508; x_wconf 84' lang='lat' dir='ltr'><strong>exemplo,</strong></span> <span class='ocrx_word' id='word_1_20' title='bbox 1036 439 1099 491; x_wconf 90' lang='lat' dir='ltr'><strong>de</strong></span> <span class='ocrx_word' id='word_1_21' title='bbox 1155 456 1259 508; x_wconf 87' lang='lat' dir='ltr'><strong>quo</strong></span> <span class='ocrx_word' id='word_1_22' title='bbox 1316 456 1480 506; x_wconf 87' lang='lat' dir='ltr'><strong>supra</strong></span> <span class='ocrx_word' id='word_1_23' title='bbox 1534 437 1607 506; x_wconf 89' lang='lat' dir='ltr'><strong>(p.</strong></span> <span class='ocrx_word' id='word_1_24' title='bbox 1654 435 1812 508; x_wconf 85' lang='lat' dir='ltr'><strong>XIV)</strong></span> 
     </span>
     <span class='ocr_line' id='line_1_5' title="bbox 119 509 1811 584; baseline -0.003 -15"><span class='ocrx_word' id='word_1_25' title='bbox 119 516 250 584; x_wconf 84' lang='lat' dir='ltr'><strong>dixi,</strong></span> <span class='ocrx_word' id='word_1_26' title='bbox 298 517 353 567; x_wconf 93' lang='lat' dir='ltr'><strong>et</strong></span> <span class='ocrx_word' id='word_1_27' title='bbox 390 513 658 567; x_wconf 89' lang='lat' dir='ltr'><strong>Ioannis</strong></span> <span class='ocrx_word' id='word_1_28' title='bbox 699 511 1043 566; x_wconf 86' lang='lat' dir='ltr'><strong>Schraderi</strong></span> <span class='ocrx_word' id='word_1_29' title='bbox 1084 530 1148 564; x_wconf 88' lang='lat' dir='ltr'><strong>ex</strong></span> <span class='ocrx_word' id='word_1_30' title='bbox 1187 513 1370 582; x_wconf 89' lang='lat' dir='ltr'><strong>legato</strong></span> <span class='ocrx_word' id='word_1_31' title='bbox 1405 509 1629 564; x_wconf 80' lang='lat' dir='ltr'><strong>Santeni</strong></span> <span class='ocrx_word' id='word_1_32' title='bbox 1672 509 1811 581; x_wconf 82' lang='lat' dir='ltr'><strong>(MS.</strong></span> 
     </span>
     <span class='ocr_line' id='line_1_6' title="bbox 118 585 1811 656; baseline -0.003 -13"><span class='ocrx_word' id='word_1_33' title='bbox 118 589 266 643; x_wconf 87' lang='lat' dir='ltr'><strong>Diez.</strong></span> <span class='ocrx_word' id='word_1_34' title='bbox 308 587 370 642; x_wconf 90' lang='lat' dir='ltr'><strong>B.</strong></span> <span class='ocrx_word' id='word_1_35' title='bbox 415 585 562 641; x_wconf 85' lang='lat' dir='ltr'><strong>Sant.</strong></span> <span class='ocrx_word' id='word_1_36' title='bbox 609 587 705 656; x_wconf 85' lang='lat'><strong>47)</strong></span> <span class='ocrx_word' id='word_1_37' title='bbox 755 605 786 639; x_wconf 92' lang='lat' dir='ltr'><strong>a</strong></span> <span class='ocrx_word' id='word_1_38' title='bbox 833 585 903 639; x_wconf 90' lang='lat' dir='ltr'><strong>M.</strong></span> <span class='ocrx_word' id='word_1_39' title='bbox 952 586 1194 654; x_wconf 90' lang='lat' dir='ltr'><strong>Hauptio</strong></span> <span class='ocrx_word' id='word_1_40' title='bbox 1250 587 1285 639; x_wconf 89' lang='lat' dir='ltr'><strong>l.</strong></span> <span class='ocrx_word' id='word_1_41' title='bbox 1324 587 1359 639; x_wconf 91' lang='lat'><strong>1.</strong></span> <span class='ocrx_word' id='word_1_42' title='bbox 1406 605 1456 654; x_wconf 91' lang='lat' dir='ltr'><strong>p.</strong></span> <span class='ocrx_word' id='word_1_43' title='bbox 1504 586 1644 639; x_wconf 83' lang='lat'>1081</span> <span class='ocrx_word' id='word_1_44' title='bbox 1698 604 1811 656; x_wconf 85' lang='lat' dir='ltr'><strong>sqq.</strong></span> 
     </span>
     <span class='ocr_line' id='line_1_7' title="bbox 119 660 1815 733; baseline -0.002 -17"><span class='ocrx_word' id='word_1_45' title='bbox 119 664 358 733; x_wconf 90' lang='lat' dir='ltr'><strong>primum</strong></span> <span class='ocrx_word' id='word_1_46' title='bbox 397 661 464 716; x_wconf 89' lang='lat' dir='ltr'><strong>ad</strong></span> <span class='ocrx_word' id='word_1_47' title='bbox 503 662 680 715; x_wconf 92' lang='lat' dir='ltr'><strong>lucem</strong></span> <span class='ocrx_word' id='word_1_48' title='bbox 716 660 972 730; x_wconf 88' lang='lat' dir='ltr'><strong>prolatae,</strong></span> <span class='ocrx_word' id='word_1_49' title='bbox 1013 678 1145 729; x_wconf 88' lang='lat' dir='ltr'><strong>quas</strong></span> <span class='ocrx_word' id='word_1_50' title='bbox 1179 678 1368 713; x_wconf 91' lang='lat' dir='ltr'><strong>omnes</strong></span> <span class='ocrx_word' id='word_1_51' title='bbox 1400 661 1459 712; x_wconf 91' lang='lat' dir='ltr'><strong>in</strong></span> <span class='ocrx_word' id='word_1_52' title='bbox 1491 662 1815 728; x_wconf 89' lang='lat' dir='ltr'><strong>apparatum</strong></span> 
     </span>
     <span class='ocr_line' id='line_1_8' title="bbox 121 733 1815 804; baseline -0.002 -14"><span class='ocrx_word' id='word_1_53' title='bbox 121 737 384 804; x_wconf 89' lang='lat' dir='ltr'><strong>criticum,</strong></span> <span class='ocrx_word' id='word_1_54' title='bbox 421 737 480 788; x_wconf 91' lang='lat' dir='ltr'><strong>in</strong></span> <span class='ocrx_word' id='word_1_55' title='bbox 510 738 719 788; x_wconf 88' lang='lat' dir='ltr'><strong>textum</strong></span> <span class='ocrx_word' id='word_1_56' title='bbox 756 753 867 787; x_wconf 92' lang='lat' dir='ltr'><strong>non</strong></span> <span class='ocrx_word' id='word_1_57' title='bbox 905 751 1104 802; x_wconf 90' lang='lat' dir='ltr'><strong>paucas</strong></span> <span class='ocrx_word' id='word_1_58' title='bbox 1142 734 1376 803; x_wconf 86' lang='lat' dir='ltr'><strong>recipere</strong></span> <span class='ocrx_word' id='word_1_59' title='bbox 1409 751 1520 786; x_wconf 92' lang='lat' dir='ltr'><strong>non</strong></span> <span class='ocrx_word' id='word_1_60' title='bbox 1553 733 1815 787; x_wconf 86' lang='lat' dir='ltr'><strong>dubitavi.</strong></span> 
     </span>
    </p>

    <p class='ocr_par' dir='ltr' id='par_1_3' title="bbox 119 806 1815 1026">
     <span class='ocr_line' id='line_1_9' title="bbox 268 806 1815 877; baseline -0.003 -14"><span class='ocrx_word' id='word_1_61' title='bbox 268 809 383 863; x_wconf 92' lang='lat' dir='ltr'><strong>Nec</strong></span> <span class='ocrx_word' id='word_1_62' title='bbox 421 809 558 862; x_wconf 89' lang='lat' dir='ltr'><strong>mihi</strong></span> <span class='ocrx_word' id='word_1_63' title='bbox 597 808 767 861; x_wconf 88' lang='lat' dir='ltr'><strong>defuit</strong></span> <span class='ocrx_word' id='word_1_64' title='bbox 815 809 1091 877; x_wconf 85' lang='lat' dir='ltr'><strong>exemplar</strong></span> <span class='ocrx_word' id='word_1_65' title='bbox 1137 808 1272 860; x_wconf 91' lang='lat' dir='ltr'><strong>illud</strong></span> <span class='ocrx_word' id='word_1_66' title='bbox 1320 807 1573 861; x_wconf 88' lang='lat' dir='ltr'><strong>editionis</strong></span> <span class='ocrx_word' id='word_1_67' title='bbox 1615 806 1815 876; x_wconf 91' lang='lat' dir='ltr'><strong>Bipon-</strong></span> 
     </span>
     <span class='ocr_line' id='line_1_10' title="bbox 119 881 1815 952; baseline -0.002 -15"><span class='ocrx_word' id='word_1_68' title='bbox 119 885 294 952; x_wconf 89' lang='lat' dir='ltr'><strong>tinae,</strong></span> <span class='ocrx_word' id='word_1_69' title='bbox 340 884 400 937; x_wconf 90' lang='lat' dir='ltr'><strong>in</strong></span> <span class='ocrx_word' id='word_1_70' title='bbox 442 884 591 937; x_wconf 89' lang='lat' dir='ltr'><strong>cuius</strong></span> <span class='ocrx_word' id='word_1_71' title='bbox 631 883 875 952; x_wconf 83' lang='lat' dir='ltr'><strong>margine</strong></span> <span class='ocrx_word' id='word_1_72' title='bbox 923 900 1114 935; x_wconf 89' lang='lat' dir='ltr'><strong>manus</strong></span> <span class='ocrx_word' id='word_1_73' title='bbox 1163 881 1382 936; x_wconf 82' lang='lat' dir='ltr'><strong>Caroli</strong></span> <span class='ocrx_word' id='word_1_74' title='bbox 1420 881 1815 934; x_wconf 88' lang='lat' dir='ltr'><strong>Lachmanni</strong></span> 
     </span>
     <span class='ocr_line' id='line_1_11' title="bbox 121 955 1815 1026; baseline -0.002 -15"><span class='ocrx_word' id='word_1_75' title='bbox 121 958 223 1012; x_wconf 86' lang='lat' dir='ltr'><strong>viri</strong></span> <span class='ocrx_word' id='word_1_76' title='bbox 249 959 445 1011; x_wconf 90' lang='lat' dir='ltr'><strong>summi</strong></span> <span class='ocrx_word' id='word_1_77' title='bbox 470 957 675 1026; x_wconf 89' lang='lat' dir='ltr'><strong>ingenii</strong></span> <span class='ocrx_word' id='word_1_78' title='bbox 701 959 756 1010; x_wconf 90' lang='lat' dir='ltr'><strong>et</strong></span> <span class='ocrx_word' id='word_1_79' title='bbox 781 956 1057 1010; x_wconf 88' lang='lat' dir='ltr'><strong>doctrinae</strong></span> <span class='ocrx_word' id='word_1_80' title='bbox 1081 956 1204 1009; x_wconf 90' lang='lat' dir='ltr'><strong>inde</strong></span> <span class='ocrx_word' id='word_1_81' title='bbox 1231 957 1298 1008; x_wconf 93' lang='lat' dir='ltr'><strong>ab</strong></span> <span class='ocrx_word' id='word_1_82' title='bbox 1325 975 1371 1009; x_wconf 90' lang='lat' dir='ltr'><strong>a.</strong></span> <span class='ocrx_word' id='word_1_83' title='bbox 1399 955 1538 1009; x_wconf 88' lang='grc'>1811</span> <span class='ocrx_word' id='word_1_84' title='bbox 1567 955 1815 1008; x_wconf 90' lang='lat' dir='ltr'><strong>emenda-</strong></span> 
     </span>
    </p>
   </div>
   <div class='ocr_carea' id='block_1_3' title="bbox 120 1027 1908 1099">
    <p class='ocr_par' dir='ltr' id='par_1_4' title="bbox 120 1027 1908 1099">
     <span class='ocr_line' id='line_1_12' title="bbox 120 1027 1908 1099; baseline -0.002 -14"><span class='ocrx_word' id='word_1_85' title='bbox 120 1033 332 1085; x_wconf 78' lang='lat' dir='ltr'><strong>tionum</strong></span> <span class='ocrx_word' id='word_1_86' title='bbox 358 1035 412 1084; x_wconf 92' lang='lat' dir='ltr'><strong>et</strong></span> <span class='ocrx_word' id='word_1_87' title='bbox 442 1031 870 1085; x_wconf 91' lang='lat' dir='ltr'><strong>coniecturarum</strong></span> <span class='ocrx_word' id='word_1_88' title='bbox 903 1031 1114 1099; x_wconf 91' lang='lat' dir='ltr'><strong>copiam</strong></span> <span class='ocrx_word' id='word_1_89' title='bbox 1141 1027 1486 1099; x_wconf 75' lang='lat' dir='ltr'><strong>inscripsft.3)</strong></span> <span class='ocrx_word' id='word_1_90' title='bbox 1520 1028 1813 1083; x_wconf 87' lang='lat' dir='ltr'><strong>Muellerus</strong></span> <span class='ocrx_word' id='word_1_91' title='bbox 1899 1030 1908 1040; x_wconf 89' lang='grc'><strong><em>’</em></strong></span> 
     </span>
    </p>
   </div>
   <div class='ocr_carea' id='block_1_4' title="bbox 121 1103 1820 2060">
    <p class='ocr_par' dir='ltr' id='par_1_5' title="bbox 121 1103 1818 1528">
     <span class='ocr_line' id='line_1_13' title="bbox 121 1103 1814 1176; baseline -0.002 -18"><span class='ocrx_word' id='word_1_92' title='bbox 121 1107 328 1176; x_wconf 90' lang='lat' dir='ltr'><strong>primus</strong></span> <span class='ocrx_word' id='word_1_93' title='bbox 367 1106 511 1159; x_wconf 90' lang='lat' dir='ltr'><strong>hunc</strong></span> <span class='ocrx_word' id='word_1_94' title='bbox 557 1104 873 1157; x_wconf 88' lang='lat' dir='ltr'><strong>eruditionis</strong></span> <span class='ocrx_word' id='word_1_95' title='bbox 922 1104 1237 1158; x_wconf 88' lang='lat' dir='ltr'><strong>thesaurum</strong></span> <span class='ocrx_word' id='word_1_96' title='bbox 1288 1107 1349 1156; x_wconf 91' lang='lat' dir='ltr'><strong>ut</strong></span> <span class='ocrx_word' id='word_1_97' title='bbox 1397 1104 1476 1156; x_wconf 90' lang='lat' dir='ltr'><strong>ita</strong></span> <span class='ocrx_word' id='word_1_98' title='bbox 1523 1103 1698 1156; x_wconf 89' lang='lat' dir='ltr'><strong>dicam</strong></span> <span class='ocrx_word' id='word_1_99' title='bbox 1735 1103 1814 1155; x_wconf 92' lang='lat' dir='ltr'><strong>in-</strong></span> 
     </span>
     <span class='ocr_line' id='line_1_14' title="bbox 121 1176 1814 1248; baseline -0.002 -16"><span class='ocrx_word' id='word_1_100' title='bbox 121 1179 271 1233; x_wconf 87' lang='lat' dir='ltr'><strong>venit</strong></span> <span class='ocrx_word' id='word_1_101' title='bbox 304 1182 357 1232; x_wconf 93' lang='lat' dir='ltr'><strong>et</strong></span> <span class='ocrx_word' id='word_1_102' title='bbox 389 1180 456 1232; x_wconf 93' lang='lat' dir='ltr'><strong>ad</strong></span> <span class='ocrx_word' id='word_1_103' title='bbox 489 1197 580 1232; x_wconf 89' lang='lat' dir='ltr'><strong>sex</strong></span> <span class='ocrx_word' id='word_1_104' title='bbox 612 1180 781 1231; x_wconf 90' lang='lat' dir='ltr'><strong>libros</strong></span> <span class='ocrx_word' id='word_1_105' title='bbox 813 1177 1019 1248; x_wconf 83' lang='lat' dir='ltr'><strong>priores</strong></span> <span class='ocrx_word' id='word_1_106' title='bbox 1051 1178 1254 1247; x_wconf 80' lang='lat' dir='ltr'><strong>publici</strong></span> <span class='ocrx_word' id='word_1_107' title='bbox 1286 1177 1419 1230; x_wconf 88' lang='lat' dir='ltr'><strong>iuris</strong></span> <span class='ocrx_word' id='word_1_108' title='bbox 1458 1177 1602 1230; x_wconf 85' lang='lat' dir='ltr'><strong>fecit.</strong></span> <span class='ocrx_word' id='word_1_109' title='bbox 1666 1176 1814 1240; x_wconf 82' lang='lat' dir='ltr'><strong>Quae</strong></span> 
     </span>
     <span class='ocr_line' id='line_1_15' title="bbox 122 1251 1818 1323; baseline -0.002 -16"><span class='ocrx_word' id='word_1_110' title='bbox 122 1255 179 1307; x_wconf 92' lang='lat' dir='ltr'><strong>in</strong></span> <span class='ocrx_word' id='word_1_111' title='bbox 195 1254 290 1307; x_wconf 93' lang='lat' dir='ltr'><strong>illo</strong></span> <span class='ocrx_word' id='word_1_112' title='bbox 310 1254 606 1323; x_wconf 87' lang='lat' dir='ltr'><strong>exemplari</strong></span> <span class='ocrx_word' id='word_1_113' title='bbox 630 1253 888 1306; x_wconf 90' lang='lat' dir='ltr'><strong>adnotata</strong></span> <span class='ocrx_word' id='word_1_114' title='bbox 911 1253 1164 1323; x_wconf 89' lang='lat' dir='ltr'><strong>leguntur</strong></span> <span class='ocrx_word' id='word_1_115' title='bbox 1185 1256 1247 1304; x_wconf 92' lang='lat' dir='ltr'><strong>ut</strong></span> <span class='ocrx_word' id='word_1_116' title='bbox 1264 1252 1448 1306; x_wconf 90' lang='lat' dir='ltr'><strong>omnia</strong></span> <span class='ocrx_word' id='word_1_117' title='bbox 1465 1251 1610 1304; x_wconf 88' lang='lat' dir='ltr'><strong>domi</strong></span> <span class='ocrx_word' id='word_1_118' title='bbox 1635 1251 1818 1320; x_wconf 88' lang='lat' dir='ltr'><strong>depin-</strong></span> 
     </span>
     <span class='ocr_line' id='line_1_16' title="bbox 125 1323 1814 1398; baseline -0.003 -17"><span class='ocrx_word' id='word_1_119' title='bbox 125 1346 252 1398; x_wconf 86' lang='lat' dir='ltr'><strong>gere</strong></span> <span class='ocrx_word' id='word_1_120' title='bbox 290 1345 521 1396; x_wconf 87' lang='lat' dir='ltr'><strong>possem,</strong></span> <span class='ocrx_word' id='word_1_121' title='bbox 561 1327 826 1380; x_wconf 70' lang='lat' dir='ltr'><strong>concessit</strong></span> <span class='ocrx_word' id='word_1_122' title='bbox 858 1326 991 1379; x_wconf 91' lang='lat' dir='ltr'><strong>mihi</strong></span> <span class='ocrx_word' id='word_1_123' title='bbox 1023 1326 1334 1379; x_wconf 87' lang='lat' dir='ltr'><strong>humanitas</strong></span> <span class='ocrx_word' id='word_1_124' title='bbox 1367 1325 1587 1378; x_wconf 84' lang='lat' dir='ltr'><strong>Ernesti</strong></span> <span class='ocrx_word' id='word_1_125' title='bbox 1619 1323 1814 1392; x_wconf 83' lang='lat' dir='ltr'><strong>Curtii3</strong></span> 
     </span>
     <span class='ocr_line' id='line_1_17' title="bbox 122 1398 1813 1469; baseline -0.002 -15"><span class='ocrx_word' id='word_1_126' title='bbox 122 1405 370 1454; x_wconf 83' lang='lat' dir='ltr'><strong>servatur</strong></span> <span class='ocrx_word' id='word_1_127' title='bbox 417 1402 559 1453; x_wconf 86' lang='lat' dir='ltr'><strong>enim</strong></span> <span class='ocrx_word' id='word_1_128' title='bbox 611 1402 750 1453; x_wconf 88' lang='lat' dir='ltr'><strong>liber</strong></span> <span class='ocrx_word' id='word_1_129' title='bbox 795 1401 853 1452; x_wconf 93' lang='lat' dir='ltr'><strong>in</strong></span> <span class='ocrx_word' id='word_1_130' title='bbox 908 1402 1174 1469; x_wconf 88' lang='lat' dir='ltr'><strong>apparatu</strong></span> <span class='ocrx_word' id='word_1_131' title='bbox 1229 1398 1639 1467; x_wconf 87' lang='lat' dir='ltr'><strong>archaeologico</strong></span> <span class='ocrx_word' id='word_1_132' title='bbox 1695 1398 1813 1451; x_wconf 89' lang='lat' dir='ltr'><strong>uni-</strong></span> 
     </span>
     <span class='ocr_line' id='line_1_18' title="bbox 123 1473 1160 1528; baseline -0.003 0"><span class='ocrx_word' id='word_1_133' title='bbox 123 1474 397 1528; x_wconf 87' lang='lat' dir='ltr'><strong>versitatis</strong></span> <span class='ocrx_word' id='word_1_134' title='bbox 437 1475 741 1527; x_wconf 89' lang='lat' dir='ltr'><strong>litterarum</strong></span> <span class='ocrx_word' id='word_1_135' title='bbox 780 1473 1160 1526; x_wconf 83' lang='lat' dir='ltr'><strong>BerolinensiS.</strong></span> 
     </span>
    </p>

    <p class='ocr_par' dir='ltr' id='par_1_6' title="bbox 123 1544 1820 2060">
     <span class='ocr_line' id='line_1_19' title="bbox 272 1544 1817 1618; baseline -0.003 -17"><span class='ocrx_word' id='word_1_136' title='bbox 272 1547 519 1618; x_wconf 89' lang='lat' dir='ltr'><strong>Denique</strong></span> <span class='ocrx_word' id='word_1_137' title='bbox 574 1548 640 1600; x_wconf 90' lang='lat' dir='ltr'><strong>ad</strong></span> <span class='ocrx_word' id='word_1_138' title='bbox 695 1550 870 1600; x_wconf 90' lang='lat' dir='ltr'><strong>totam</strong></span> <span class='ocrx_word' id='word_1_139' title='bbox 916 1546 1192 1600; x_wconf 86' lang='lat' dir='ltr'><strong>Thebaida</strong></span> <span class='ocrx_word' id='word_1_140' title='bbox 1246 1545 1631 1600; x_wconf 86' lang='lat' dir='ltr'><strong>recensendam</strong></span> <span class='ocrx_word' id='word_1_141' title='bbox 1682 1544 1817 1597; x_wconf 84' lang='lat' dir='ltr'><strong>mihi</strong></span> 
     </span>
     <span class='ocr_line' id='line_1_20' title="bbox 125 1618 1817 1691; baseline -0.001 -17"><span class='ocrx_word' id='word_1_142' title='bbox 125 1621 414 1675; x_wconf 87' lang='lat' dir='ltr'><strong>adfuerunt</strong></span> <span class='ocrx_word' id='word_1_143' title='bbox 452 1622 678 1675; x_wconf 86' lang='lat' dir='ltr'><strong>schedae</strong></span> <span class='ocrx_word' id='word_1_144' title='bbox 717 1620 773 1674; x_wconf 88' lang='lat' dir='ltr'><strong>F.</strong></span> <span class='ocrx_word' id='word_1_145' title='bbox 804 1621 870 1674; x_wconf 87' lang='lat' dir='ltr'><strong>A.</strong></span> <span class='ocrx_word' id='word_1_146' title='bbox 901 1620 1147 1674; x_wconf 90' lang='lat' dir='ltr'><strong>Menkii</strong></span> <span class='ocrx_word' id='word_1_147' title='bbox 1187 1618 1283 1691; x_wconf 77' lang='lat' dir='ltr'><strong>(cf.</strong></span> <span class='ocrx_word' id='word_1_148' title='bbox 1308 1619 1474 1688; x_wconf 87' lang='lat' dir='ltr'><strong>praef.</strong></span> <span class='ocrx_word' id='word_1_149' title='bbox 1508 1619 1575 1671; x_wconf 90' lang='lat' dir='ltr'><strong>ad</strong></span> <span class='ocrx_word' id='word_1_150' title='bbox 1614 1618 1817 1672; x_wconf 91' lang='lat' dir='ltr'><strong>Achill.</strong></span> 
     </span>
     <span class='ocr_line' id='line_1_21' title="bbox 123 1691 1818 1765; baseline -0.002 -16"><span class='ocrx_word' id='word_1_151' title='bbox 123 1715 172 1765; x_wconf 89' lang='lat' dir='ltr'><strong>p.</strong></span> <span class='ocrx_word' id='word_1_152' title='bbox 212 1694 342 1748; x_wconf 91' lang='lat' dir='ltr'><strong>XIV</strong></span> <span class='ocrx_word' id='word_1_153' title='bbox 377 1695 498 1765; x_wconf 90' lang='lat' dir='ltr'><strong>sq.),</strong></span> <span class='ocrx_word' id='word_1_154' title='bbox 546 1714 609 1748; x_wconf 86' lang='lat' dir='ltr'><strong>ex</strong></span> <span class='ocrx_word' id='word_1_155' title='bbox 658 1695 853 1764; x_wconf 90' lang='lat' dir='ltr'><strong>quibus</strong></span> <span class='ocrx_word' id='word_1_156' title='bbox 893 1712 1014 1748; x_wconf 92' lang='lat' dir='ltr'><strong>cum</strong></span> <span class='ocrx_word' id='word_1_157' title='bbox 1053 1694 1388 1748; x_wconf 89' lang='lat' dir='ltr'><strong>conlationes</strong></span> <span class='ocrx_word' id='word_1_158' title='bbox 1431 1693 1673 1747; x_wconf 90' lang='lat' dir='ltr'><strong>codicum</strong></span> <span class='ocrx_word' id='word_1_159' title='bbox 1713 1691 1818 1745; x_wconf 81' lang='lat' dir='ltr'><strong>Gu-</strong></span> 
     </span>
     <span class='ocr_line' id='line_1_22' title="bbox 123 1766 1820 1836; baseline -0.003 -13"><span class='ocrx_word' id='word_1_160' title='bbox 123 1770 272 1823; x_wconf 89' lang='lat' dir='ltr'><strong>diani</strong></span> <span class='ocrx_word' id='word_1_161' title='bbox 312 1769 383 1823; x_wconf 82' lang='lat'><strong>52</strong></span> <span class='ocrx_word' id='word_1_162' title='bbox 421 1769 876 1822; x_wconf 88' lang='lat' dir='ltr'><strong>Helmstadiensis</strong></span> <span class='ocrx_word' id='word_1_163' title='bbox 917 1768 1288 1836; x_wconf 89' lang='lat' dir='ltr'><strong>Taurinensis,</strong></span> <span class='ocrx_word' id='word_1_164' title='bbox 1329 1785 1462 1836; x_wconf 86' lang='lat' dir='ltr'><strong>quas</strong></span> <span class='ocrx_word' id='word_1_165' title='bbox 1502 1767 1585 1820; x_wconf 88' lang='lat' dir='ltr'><strong>vir</strong></span> <span class='ocrx_word' id='word_1_166' title='bbox 1624 1766 1820 1819; x_wconf 90' lang='lat' dir='ltr'><strong>doctis-</strong></span> 
     </span>
     <span class='ocr_line' id='line_1_23' title="bbox 127 1841 1819 1912; baseline -0.002 -16"><span class='ocrx_word' id='word_1_167' title='bbox 127 1844 294 1896; x_wconf 88' lang='lat' dir='ltr'><strong>simus</strong></span> <span class='ocrx_word' id='word_1_168' title='bbox 335 1845 452 1912; x_wconf 90' lang='lat' dir='ltr'><strong>ipse</strong></span> <span class='ocrx_word' id='word_1_169' title='bbox 493 1862 702 1896; x_wconf 90' lang='lat' dir='ltr'><strong>summa</strong></span> <span class='ocrx_word' id='word_1_170' title='bbox 743 1860 864 1895; x_wconf 90' lang='lat' dir='ltr'><strong>cum</strong></span> <span class='ocrx_word' id='word_1_171' title='bbox 913 1843 1197 1912; x_wconf 86' lang='lat' dir='ltr'><strong>diligentia</strong></span> <span class='ocrx_word' id='word_1_172' title='bbox 1244 1841 1489 1910; x_wconf 86' lang='lat' dir='ltr'><strong>confecit,</strong></span> <span class='ocrx_word' id='word_1_173' title='bbox 1541 1843 1595 1892; x_wconf 91' lang='lat' dir='ltr'><strong>et</strong></span> <span class='ocrx_word' id='word_1_174' title='bbox 1641 1858 1819 1892; x_wconf 89' lang='lat' dir='ltr'><strong>emen-</strong></span> 
     </span>
     <span class='ocr_line' id='line_1_24' title="bbox 126 1915 1819 1983; baseline -0.002 -14"><span class='ocrx_word' id='word_1_175' title='bbox 126 1918 372 1970; x_wconf 90' lang='lat' dir='ltr'><strong>dationes</strong></span> <span class='ocrx_word' id='word_1_176' title='bbox 421 1915 671 1969; x_wconf 84' lang='lat' dir='ltr'><strong>Scriverii</strong></span> <span class='ocrx_word' id='word_1_177' title='bbox 717 1915 930 1968; x_wconf 87' lang='lat' dir='ltr'><strong>Heinsii</strong></span> <span class='ocrx_word' id='word_1_178' title='bbox 977 1915 1300 1982; x_wconf 89' lang='lat' dir='ltr'><strong>Burmanni,</strong></span> <span class='ocrx_word' id='word_1_179' title='bbox 1353 1932 1485 1983; x_wconf 89' lang='lat' dir='ltr'><strong>quas</strong></span> <span class='ocrx_word' id='word_1_180' title='bbox 1534 1932 1598 1966; x_wconf 88' lang='lat' dir='ltr'><strong>ex</strong></span> <span class='ocrx_word' id='word_1_181' title='bbox 1646 1931 1819 1965; x_wconf 88' lang='lat' dir='ltr'><strong>exem-</strong></span> 
     </span>
     <span class='ocr_line' id='line_1_25' title="bbox 127 1989 1818 2060; baseline -0.002 -18"><span class='ocrx_word' id='word_1_182' title='bbox 127 1991 368 2060; x_wconf 89' lang='lat' dir='ltr'><strong>plaribus</strong></span> <span class='ocrx_word' id='word_1_183' title='bbox 422 1989 874 2058; x_wconf 81' lang='lat' dir='ltr'><strong>Gottingensibus</strong></span> <span class='ocrx_word' id='word_1_184' title='bbox 932 1989 1240 2057; x_wconf 87' lang='lat' dir='ltr'><strong>descripsit,</strong></span> <span class='ocrx_word' id='word_1_185' title='bbox 1287 1991 1403 2041; x_wconf 90' lang='lat' dir='ltr'><strong>tum</strong></span> <span class='ocrx_word' id='word_1_186' title='bbox 1451 2005 1560 2040; x_wconf 92' lang='lat' dir='ltr'><strong>non</strong></span> <span class='ocrx_word' id='word_1_187' title='bbox 1618 2004 1818 2053; x_wconf 88' lang='lat' dir='ltr'><strong>paucas</strong></span> 
     </span>
    </p>
   </div>
   <div class='ocr_carea' id='block_1_5' title="bbox 129 2059 1913 2134">
    <p class='ocr_par' dir='ltr' id='par_1_7' title="bbox 129 2059 1913 2134">
     <span class='ocr_line' id='line_1_26' title="bbox 129 2059 1913 2134; baseline -0.003 -17"><span class='ocrx_word' id='word_1_188' title='bbox 129 2083 324 2134; x_wconf 89' lang='lat' dir='ltr'><strong>easque</strong></span> <span class='ocrx_word' id='word_1_189' title='bbox 358 2064 698 2117; x_wconf 88' lang='lat' dir='ltr'><strong>acutissimas</strong></span> <span class='ocrx_word' id='word_1_190' title='bbox 732 2064 903 2132; x_wconf 74' lang='lat' dir='ltr'><strong>ipsius</strong></span> <span class='ocrx_word' id='word_1_191' title='bbox 935 2063 1272 2116; x_wconf 89' lang='lat' dir='ltr'><strong>coniecturas</strong></span> <span class='ocrx_word' id='word_1_192' title='bbox 1306 2061 1514 2130; x_wconf 90' lang='lat' dir='ltr'><strong>repetii.</strong></span> <span class='ocrx_word' id='word_1_193' title='bbox 1568 2059 1720 2123; x_wconf 82' lang='lat' dir='ltr'><strong>Quod</strong></span> <span class='ocrx_word' id='word_1_194' title='bbox 1759 2062 1821 2112; x_wconf 91' lang='lat' dir='ltr'><strong>ut</strong></span> <span class='ocrx_word' id='word_1_195' title='bbox 1911 2077 1913 2081; x_wconf 84' lang='lat'><em>·</em></span> 
     </span>
    </p>
   </div>
   <div class='ocr_carea' id='block_1_6' title="bbox 126 2132 1823 2502">
    <p class='ocr_par' dir='ltr' id='par_1_8' title="bbox 126 2132 1821 2281">
     <span class='ocr_line' id='line_1_27' title="bbox 126 2132 1821 2208; baseline -0.004 -17"><span class='ocrx_word' id='word_1_196' title='bbox 126 2138 404 2192; x_wconf 90' lang='lat' dir='ltr'><strong>commode</strong></span> <span class='ocrx_word' id='word_1_197' title='bbox 459 2139 715 2208; x_wconf 90' lang='lat' dir='ltr'><strong>perficere</strong></span> <span class='ocrx_word' id='word_1_198' title='bbox 769 2137 1060 2206; x_wconf 89' lang='lat' dir='ltr'><strong>potuerim,</strong></span> <span class='ocrx_word' id='word_1_199' title='bbox 1121 2137 1290 2190; x_wconf 88' lang='lat' dir='ltr'><strong>debeo</strong></span> <span class='ocrx_word' id='word_1_200' title='bbox 1346 2134 1661 2188; x_wconf 88' lang='lat' dir='ltr'><strong>liberalitati</strong></span> <span class='ocrx_word' id='word_1_201' title='bbox 1715 2132 1821 2186; x_wconf 89' lang='lat' dir='ltr'><strong>Ba-</strong></span> 
     </span>
     <span class='ocr_line' id='line_1_28' title="bbox 127 2208 1555 2281; baseline -0.002 -16"><span class='ocrx_word' id='word_1_202' title='bbox 127 2212 312 2280; x_wconf 86' lang='lat' dir='ltr'><strong>rackii,</strong></span> <span class='ocrx_word' id='word_1_203' title='bbox 354 2213 551 2265; x_wconf 91' lang='lat' dir='ltr'><strong>summi</strong></span> <span class='ocrx_word' id='word_1_204' title='bbox 590 2211 719 2264; x_wconf 92' lang='lat' dir='ltr'><strong>bibl.</strong></span> <span class='ocrx_word' id='word_1_205' title='bbox 761 2211 1239 2281; x_wconf 87' lang='lat' dir='ltr'><strong>Argentoratensis</strong></span> <span class='ocrx_word' id='word_1_206' title='bbox 1280 2208 1555 2279; x_wconf 89' lang='lat' dir='ltr'><strong>praefecti.</strong></span> 
     </span>
    </p>

    <p class='ocr_par' dir='ltr' id='par_1_9' title="bbox 129 2281 1823 2502">
     <span class='ocr_line' id='line_1_29' title="bbox 277 2281 1823 2338; baseline -0.004 0"><span class='ocrx_word' id='word_1_207' title='bbox 277 2286 470 2338; x_wconf 86' lang='lat' dir='ltr'><strong>Restat</strong></span> <span class='ocrx_word' id='word_1_208' title='bbox 507 2303 650 2338; x_wconf 91' lang='lat' dir='ltr'><strong>nunc</strong></span> <span class='ocrx_word' id='word_1_209' title='bbox 690 2290 750 2338; x_wconf 89' lang='lat' dir='ltr'><strong>ut</strong></span> <span class='ocrx_word' id='word_1_210' title='bbox 790 2285 867 2337; x_wconf 89' lang='lat' dir='ltr'><strong>eis</strong></span> <span class='ocrx_word' id='word_1_211' title='bbox 899 2284 1027 2337; x_wconf 87' lang='lat' dir='ltr'><strong>viris</strong></span> <span class='ocrx_word' id='word_1_212' title='bbox 1062 2283 1387 2337; x_wconf 87' lang='lat' dir='ltr'><strong>doctissimis</strong></span> <span class='ocrx_word' id='word_1_213' title='bbox 1421 2281 1823 2334; x_wconf 87' lang='lat' dir='ltr'><strong>eruditissimis-</strong></span> 
     </span>
     <span class='ocr_line' id='line_1_30' title="bbox 129 2354 1819 2429; baseline -0.003 -18"><span class='ocrx_word' id='word_1_214' title='bbox 129 2377 255 2428; x_wconf 90' lang='lat' dir='ltr'><strong>que,</strong></span> <span class='ocrx_word' id='word_1_215' title='bbox 310 2359 400 2429; x_wconf 88' lang='lat' dir='ltr'><strong>qui</strong></span> <span class='ocrx_word' id='word_1_216' title='bbox 445 2358 579 2411; x_wconf 91' lang='lat' dir='ltr'><strong>mihi</strong></span> <span class='ocrx_word' id='word_1_217' title='bbox 625 2359 681 2411; x_wconf 93' lang='grc'><strong>111</strong></span> <span class='ocrx_word' id='word_1_218' title='bbox 727 2358 829 2411; x_wconf 90' lang='lat' dir='ltr'><strong>hac</strong></span> <span class='ocrx_word' id='word_1_219' title='bbox 881 2358 1114 2411; x_wconf 91' lang='lat' dir='ltr'><strong>editione</strong></span> <span class='ocrx_word' id='word_1_220' title='bbox 1161 2356 1484 2426; x_wconf 89' lang='lat' dir='ltr'><strong>perficienda</strong></span> <span class='ocrx_word' id='word_1_221' title='bbox 1531 2354 1819 2408; x_wconf 89' lang='lat' dir='ltr'><strong>adfuerunt</strong></span> 
     </span>
     <span class='ocr_line' id='line_1_31' title="bbox 130 2432 1821 2502; baseline -0.003 -17"><span class='ocrx_word' id='word_1_222' title='bbox 130 2451 331 2501; x_wconf 87' lang='lat' dir='ltr'><strong>suaque</strong></span> <span class='ocrx_word' id='word_1_223' title='bbox 371 2451 535 2502; x_wconf 89' lang='lat' dir='ltr'><strong>opera</strong></span> <span class='ocrx_word' id='word_1_224' title='bbox 574 2451 659 2485; x_wconf 93' lang='lat' dir='ltr'><strong>me</strong></span> <span class='ocrx_word' id='word_1_225' title='bbox 700 2432 1031 2500; x_wconf 84' lang='lat' dir='ltr'><strong>adiuverunt,</strong></span> <span class='ocrx_word' id='word_1_226' title='bbox 1072 2432 1275 2501; x_wconf 86' lang='lat' dir='ltr'><strong>gratias</strong></span> <span class='ocrx_word' id='word_1_227' title='bbox 1317 2447 1477 2499; x_wconf 88' lang='lat' dir='ltr'><strong>agam</strong></span> <span class='ocrx_word' id='word_1_228' title='bbox 1517 2447 1677 2498; x_wconf 90' lang='lat' dir='ltr'><strong>quam</strong></span> <span class='ocrx_word' id='word_1_229' title='bbox 1711 2446 1821 2480; x_wconf 91' lang='lat' dir='ltr'><strong>ma-</strong></span> 
     </span>
    </p>
   </div>
   <div class='ocr_carea' id='block_1_7' title="bbox 39 2501 1822 2574">
    <p class='ocr_par' dir='ltr' id='par_1_10' title="bbox 39 2501 1822 2574">
     <span class='ocr_line' id='line_1_32' title="bbox 39 2501 1822 2574; baseline -0.003 -15"><span class='ocrx_word' id='word_1_230' title='bbox 39 2572 42 2573; x_wconf 9' lang='grc'><em>7</em></span> <span class='ocrx_word' id='word_1_231' title='bbox 130 2507 318 2559; x_wconf 86' lang='lat' dir='ltr'><strong>ximas.</strong></span> <span class='ocrx_word' id='word_1_232' title='bbox 367 2506 512 2569; x_wconf 83' lang='lat' dir='ltr'><strong>Quos</strong></span> <span class='ocrx_word' id='word_1_233' title='bbox 539 2524 657 2558; x_wconf 93' lang='lat' dir='ltr'><strong>cum</strong></span> <span class='ocrx_word' id='word_1_234' title='bbox 690 2506 745 2558; x_wconf 92' lang='lat' dir='ltr'><strong>in</strong></span> <span class='ocrx_word' id='word_1_235' title='bbox 779 2506 853 2558; x_wconf 90' lang='lat' dir='ltr'><strong>eis</strong></span> <span class='ocrx_word' id='word_1_236' title='bbox 891 2523 1025 2574; x_wconf 91' lang='lat' dir='ltr'><strong>quae</strong></span> <span class='ocrx_word' id='word_1_237' title='bbox 1059 2523 1222 2572; x_wconf 88' lang='lat' dir='ltr'><strong>supra</strong></span> <span class='ocrx_word' id='word_1_238' title='bbox 1253 2504 1362 2556; x_wconf 88' lang='lat' dir='ltr'><strong>dixi</strong></span> <span class='ocrx_word' id='word_1_239' title='bbox 1395 2504 1676 2571; x_wconf 87' lang='lat' dir='ltr'><strong>plerosque</strong></span> <span class='ocrx_word' id='word_1_240' title='bbox 1712 2501 1822 2553; x_wconf 87' lang='lat' dir='ltr'><strong>iam</strong></span> 
     </span>
    </p>
   </div>
   <div class='ocr_carea' id='block_1_8' title="bbox 132 2576 1821 2666">
    <p class='ocr_par' dir='ltr' id='par_1_11' title="bbox 132 2576 1821 2666">
     <span class='ocr_line' id='line_1_33' title="bbox 132 2576 1821 2666; baseline -0.004 -34"><span class='ocrx_word' id='word_1_241' title='bbox 132 2579 556 2666; x_wconf 75' lang='lat' dir='ltr'><strong>memoraverim,</strong></span> <span class='ocrx_word' id='word_1_242' title='bbox 595 2580 698 2632; x_wconf 94' lang='lat' dir='ltr'><strong>hoc</strong></span> <span class='ocrx_word' id='word_1_243' title='bbox 730 2580 849 2632; x_wconf 91' lang='lat' dir='ltr'><strong>loco</strong></span> <span class='ocrx_word' id='word_1_244' title='bbox 883 2579 1146 2648; x_wconf 88' lang='lat' dir='ltr'><strong>imprimis</strong></span> <span class='ocrx_word' id='word_1_245' title='bbox 1179 2578 1315 2630; x_wconf 90' lang='lat' dir='ltr'><strong>mihi</strong></span> <span class='ocrx_word' id='word_1_246' title='bbox 1346 2576 1704 2630; x_wconf 87' lang='lat' dir='ltr'><strong>nominandus</strong></span> <span class='ocrx_word' id='word_1_247' title='bbox 1739 2577 1821 2627; x_wconf 89' lang='lat' dir='ltr'><strong>est</strong></span> 
     </span>
    </p>
   </div>
   <div class='ocr_carea' id='block_1_9' title="bbox 133 2699 488 2705">
    <p class='ocr_par' dir='ltr' id='par_1_12' title="bbox 133 2699 488 2705">
     <span class='ocr_line' id='line_1_34' title="bbox 133 2699 488 2705; baseline 0 0"><span class='ocrx_word' id='word_1_248' title='bbox 133 2699 488 2705; x_wconf 95' lang='lat' dir='ltr'><strong> </strong></span> 
     </span>
    </p>
   </div>
   <div class='ocr_carea' id='block_1_10' title="bbox 137 2763 1822 2883">
    <p class='ocr_par' dir='ltr' id='par_1_13' title="bbox 137 2763 1822 2883">
     <span class='ocr_line' id='line_1_35' title="bbox 253 2763 1818 2825; baseline -0.004 -13"><span class='ocrx_word' id='word_1_249' title='bbox 253 2771 296 2825; x_wconf 91' lang='lat'><strong>3)</strong></span> <span class='ocrx_word' id='word_1_250' title='bbox 338 2766 534 2825; x_wconf 85' lang='lat' dir='ltr'><strong>Scripsit</strong></span> <span class='ocrx_word' id='word_1_251' title='bbox 573 2768 714 2812; x_wconf 84' lang='lat' dir='ltr'><strong>etiam</strong></span> <span class='ocrx_word' id='word_1_252' title='bbox 752 2767 802 2811; x_wconf 91' lang='lat' dir='ltr'><strong>in</strong></span> <span class='ocrx_word' id='word_1_253' title='bbox 840 2768 1000 2812; x_wconf 89' lang='lat' dir='ltr'><strong>libello</strong></span> <span class='ocrx_word' id='word_1_254' title='bbox 1042 2767 1246 2811; x_wconf 88' lang='lat' dir='ltr'><strong>academ.</strong></span> <span class='ocrx_word' id='word_1_255' title='bbox 1288 2763 1582 2821; x_wconf 85' lang='lat' dir='ltr'><strong>Gottingensi</strong></span> <span class='ocrx_word' id='word_1_256' title='bbox 1625 2765 1742 2807; x_wconf 81' lang='lat'>1815</span> <span class='ocrx_word' id='word_1_257' title='bbox 1773 2775 1818 2818; x_wconf 90' lang='lat' dir='ltr'><strong>p.</strong></span> 
     </span>
     <span class='ocr_line' id='line_1_36' title="bbox 137 2821 1822 2883; baseline -0.003 -12"><span class='ocrx_word' id='word_1_258' title='bbox 137 2832 188 2872; x_wconf 87' lang='grc'><strong>11</strong></span> <span class='ocrx_word' id='word_1_259' title='bbox 217 2841 315 2883; x_wconf 80' lang='lat' dir='ltr'><strong>sqq.</strong></span> <span class='ocrx_word' id='word_1_260' title='bbox 355 2828 411 2871; x_wconf 88' lang='lat' dir='ltr'><strong>de</strong></span> <span class='ocrx_word' id='word_1_261' title='bbox 445 2827 628 2883; x_wconf 90' lang='lat' dir='ltr'><strong>aliquot</strong></span> <span class='ocrx_word' id='word_1_262' title='bbox 658 2827 772 2872; x_wconf 81' lang='lat' dir='ltr'><strong>locis</strong></span> <span class='ocrx_word' id='word_1_263' title='bbox 804 2825 1067 2881; x_wconf 79' lang='lat' dir='ltr'><strong>Thebaidos</strong></span> <span class='ocrx_word' id='word_1_264' title='bbox 1100 2824 1398 2870; x_wconf 88' lang='lat' dir='ltr'><strong>emendandis</strong></span> <span class='ocrx_word' id='word_1_265' title='bbox 1430 2825 1504 2879; x_wconf 88' lang='lat'><strong>(=</strong></span> <span class='ocrx_word' id='word_1_266' title='bbox 1528 2821 1700 2878; x_wconf 82' lang='lat' dir='ltr'><strong>scripta</strong></span> <span class='ocrx_word' id='word_1_267' title='bbox 1736 2821 1822 2866; x_wconf 90' lang='lat' dir='ltr'><strong>mi-</strong></span> 
     </span>
    </p>
   </div>
   <div class='ocr_carea' id='block_1_11' title="bbox 65 2885 789 2943">
    <p class='ocr_par' dir='ltr' id='par_1_14' title="bbox 65 2885 789 2943">
     <span class='ocr_line' id='line_1_37' title="bbox 65 2885 789 2943; baseline 0 -14"><span class='ocrx_word' id='word_1_268' title='bbox 65 2918 67 2922; x_wconf 21' lang='grc'><strong>4</strong></span> <span class='ocrx_word' id='word_1_269' title='bbox 133 2899 250 2930; x_wconf 88' lang='lat' dir='ltr'><strong>nora</strong></span> <span class='ocrx_word' id='word_1_270' title='bbox 282 2885 324 2928; x_wconf 90' lang='grc' dir='ltr'>Π</span> <span class='ocrx_word' id='word_1_271' title='bbox 359 2890 471 2930; x_wconf 85' lang='grc'>1876</span> <span class='ocrx_word' id='word_1_272' title='bbox 503 2901 547 2943; x_wconf 88' lang='lat' dir='ltr'><strong>p.</strong></span> <span class='ocrx_word' id='word_1_273' title='bbox 574 2890 629 2930; x_wconf 81' lang='lat'><strong>47</strong></span> <span class='ocrx_word' id='word_1_274' title='bbox 657 2888 789 2942; x_wconf 88' lang='lat' dir='ltr'><strong>sqq.).</strong></span> 
     </span>
    </p>
   </div>
   <div class='ocr_carea' id='block_1_12' title="bbox 0 2294 98 3198">
    <p class='ocr_par' dir='ltr' id='par_1_15' title="bbox 0 2294 98 3198">
     <span class='ocr_line' id='line_1_38' title="bbox 0 2294 98 3198; baseline 0 0"><span class='ocrx_word' id='word_1_275' title='bbox 0 2294 98 3198; x_wconf 95' lang='lat' dir='ltr'><strong> </strong></span> 
     </span>
    </p>
   </div>
   <div class='ocr_carea' id='block_1_13' title="bbox 227 2953 1464 3002">
    <p class='ocr_par' dir='ltr' id='par_1_16' title="bbox 227 2953 1464 3002">
     <span class='ocr_line' id='line_1_39' title="bbox 227 2953 1464 3002; baseline -0.003 -2"><span class='ocrx_word' id='word_1_276' title='bbox 227 2966 251 3001; x_wconf 84' lang='lat' dir='ltr'>S</span> <span class='ocrx_word' id='word_1_277' title='bbox 255 2976 366 3000; x_wconf 71' lang='grc' dir='ltr'>τττττ</span> <span class='ocrx_word' id='word_1_278' title='bbox 391 2968 419 3000; x_wconf 86' lang='grc' dir='ltr'><strong>Τ</strong></span> <span class='ocrx_word' id='word_1_279' title='bbox 424 2977 582 3002; x_wconf 68' lang='grc' dir='ltr'><strong>ΒΒΒΒΒΒΒ</strong></span> <span class='ocrx_word' id='word_1_280' title='bbox 1437 2953 1464 2996; x_wconf 87' lang='lat' dir='ltr'><strong>b</strong></span> 
     </span>
    </p>
   </div>
  </div>
 </body>
</html>
