1942 3190
69 212 72 214 ·
150 180 231 232 16·
715 179 764 225 Ρ.
798 179 1029 224 PAPINII
1061 179 1261 224 STATII

143 300 432 354 Deidamia
471 299 623 353 chori
661 300 1006 370 pulchrisque
1047 301 1323 354 sororibus
1365 301 1563 355 obstat.

140 374 301 428 Illius
343 378 396 428 et
434 393 590 428 roseo
631 374 942 427 flammatur
980 393 1221 443 purpura
1258 374 1413 428 vultu

141 449 218 502 Et
258 449 485 519 gemmis
525 449 620 500 lux
660 448 832 500 maior
869 448 1012 501 inest
1051 451 1106 500 et
1145 449 1398 502 blandius
1439 467 1653 504 aurum:

144 524 324 592 Atque
364 523 473 591 ipsi
512 541 610 591 par
647 522 824 575 forma
864 522 1069 591 deaest,
1110 523 1156 574 si
1196 523 1429 591 pectoris
1470 540 1673 594 angues

142 597 321 650 Ponat
362 600 416 649 et
457 599 705 665 exempta
742 599 965 665 pacetur
1005 596 1214 649 casside
1253 597 1451 650 vultus.
1753 612 1839 653 300

143 670 299 724 Hanc
338 671 432 723 ubi
473 671 754 724 ducentem
793 671 954 740 longe
996 671 1142 723 socia
1182 671 1401 740 agmina
1439 671 1576 724 vidit

144 745 293 797 Trux
331 764 463 814 puer
503 748 556 798 et
593 745 744 797 nullo
783 747 1078 797 temeratus
1118 748 1340 813 pectora
1377 748 1552 814 mom,

144 818 399 889 Deriguit
436 819 675 888 totisque
714 838 916 872 novum
955 819 1097 871 bibit
1136 818 1350 871 ossibus
1390 819 1587 890 ignem.

142 893 260 947 Nec
299 894 437 946 latet
474 894 702 946 haustus
744 911 915 961 amor,
956 892 1049 946 sed
1086 892 1179 945 fax
1217 892 1432 946 vibrata
1469 893 1718 947 medullis

142 967 207 1020 In
247 968 427 1021 vultus
470 970 631 1036 atque
673 985 767 1020 ora
805 967 947 1019 redit
985 967 1265 1036 lucemque
1305 984 1568 1037 genarum
1753 981 1839 1021 305

144 1042 331 1112 Tingit
371 1044 425 1094 et
463 1042 756 1110 impulsam
795 1042 947 1094 tenui
987 1041 1176 1094 sudore
1216 1044 1472 1109 pererrat.

142 1115 345 1169 Lactea
382 1115 724 1185 Massagetae
763 1115 933 1168 veluti
973 1133 1093 1167 cum
1131 1115 1328 1183 pocula
1365 1115 1553 1168 fucant

144 1189 417 1260 Sanguine
456 1191 685 1259 puniceo
726 1190 812 1242 vel
853 1190 984 1242 ebur
1023 1190 1387 1258 corrumpitur
1428 1192 1600 1242 ostro:

144 1262 233 1317 Sic
273 1264 439 1317 variis
479 1263 770 1316 manifesta
808 1264 953 1316 notis
992 1263 1269 1332 palletque
1308 1264 1571 1332 rubetque

141 1338 389 1391 Flamma
411 1356 621 1407 repens
652 1336 760 1390 Eat
786 1340 946 1406 atque
970 1338 1113 1390 ultro
1138 1336 1284 1390 ferus
1309 1337 1531 1406 hospita
1551 1355 1704 1390 sacra
1751 1350 1838 1391 310

141 1411 406 1466 Dissiciat
443 1412 635 1465 turbae
676 1430 892 1464 securus
933 1414 987 1464 et
1025 1409 1310 1464 immemor
1349 1411 1490 1480 aevi,

139 1486 215 1540 Ni
252 1487 425 1556 pudor
466 1489 519 1540 et
556 1487 769 1538 iunctae
809 1488 993 1538 teneat
1031 1485 1333 1538 reverentia
1372 1484 1580 1538 matris,

140 1559 219 1613 Ut
256 1563 410 1630 pater
450 1561 683 1613 armenti
723 1560 993 1628 quondam
1032 1559 1326 1627 ductorque
1364 1559 1602 1627 futurus,

143 1632 244 1686 Oui
282 1635 525 1687 nondum
562 1637 681 1686 toto
721 1636 1054 1703 peraguntur
1093 1651 1294 1685 cornua
1334 1649 1500 1701 ger,

143 1706 280 1760 Cum
322 1708 525 1761 sociam
562 1710 752 1777 pastus
791 1707 950 1760 niveo
991 1706 1221 1759 candore
1260 1707 1544 1759 iuvencam
1752 1718 1837 1759 315

141 1781 379 1851 Aspicit,
421 1782 709 1834 ardescunt
748 1781 916 1833 animi
963 1780 1276 1849 primusque
1316 1798 1412 1849 per
1452 1798 1548 1833 ora

143 1853 373 1924 Spumat
414 1874 586 1924 amor,
628 1857 877 1924 spectant
915 1854 1115 1907 hilares
1157 1855 1483 1924 obstantque
1523 1852 1788 1923 magistri.

217 1929 460 1998 Occupat
499 1934 714 1998 arrepto
753 1929 862 1981 iam
903 1928 1118 1981 conscia
1155 1931 1399 1997 tempore
1438 1931 1636 1980 mater:

141 2002 346 2057 eHasne
385 2004 531 2056 inter
572 2004 826 2056 simulare
866 2002 1058 2056 choros
1101 2005 1155 2055 et
1193 2002 1418 2055 brachia
1456 2002 1583 2053 ludo

139 2076 193 2130 N
197 2082 386 2147 ectere,
424 2080 567 2147 nate,
599 2094 761 2147 grave
794 2077 912 2129 est?
946 2076 1127 2146 gelida
1153 2076 1279 2144 quid
1304 2076 1413 2128 tale
1440 2075 1539 2127 sub
1565 2073 1704 2127 Ossa
1749 2087 1836 2127 320

261 2229 346 2268 299
394 2224 527 2269 deest
564 2228 597 2266 P
651 2223 766 2268 deae
805 2223 937 2266 cete-ri
991 2221 1152 2266 deaest
1190 2221 1356 2277 scripsi
1392 2220 1408 2276 ΙΙ
1447 2223 1532 2264 300
1580 2221 1775 2276 pacetur
1804 2222 1837 2262 Ρ

1723 2289 1759 2311 m

1762 2288 1784 2310 0

140 2330 213 2381 (ut
245 2341 359 2371 corr.
392 2328 517 2372 Dan.
552 2327 795 2382 Heinsius)
829 2326 1041 2382 placetur
1072 2325 1204 2368 ceteri
1238 2324 1244 2379 1
1286 2322 1470 2379 capside
1499 2327 1531 2364 P
1553 2323 1569 2378 ΙΙ
1592 2327 1678 2366 302
1703 2323 1838 2367 vultu

140 2391 174 2429 1²
197 2388 213 2443 ΙΙ
237 2392 320 2431 303
354 2386 562 2443 Dii-ignit
592 2387 719 2431 codd.
774 2385 990 2441 Deriguit
1019 2384 1186 2440 scripsi
1217 2384 1314 2427 coll.
1360 2382 1493 2426 Theb.
1531 2381 1574 2424 V
1593 2384 1686 2426 396
1727 2380 1841 2424 VII

143 2449 201 2491 74
234 2447 269 2488 I
272 2445 323 2488 X
348 2449 409 2489 36
433 2447 447 2502 ΙΙ
472 2452 557 2491 306
592 2445 872 2502 TinguitAp
896 2446 912 2502 ΙΙ
943 2449 1028 2488 307
1054 2444 1215 2488 fucant
1238 2443 1302 2495 P(
1304 2441 1350 2497 ,9)
1381 2441 1495 2485 coni.
1529 2440 1656 2487 Dari.
1690 2439 1838 2484 Hein-

142 2506 241 2549 sius
287 2505 487 2548 miscent
519 2510 553 2547 G
592 2505 777 2550 fuscant
807 2504 972 2561 reliqui
994 2504 1009 2560 ΙΙ
1033 2507 1118 2547 308
1150 2503 1203 2546 ut
1235 2501 1347 2545 ebur
1377 2504 1420 2542 11
1458 2499 1606 2544 veluti
1637 2499 1752 2544 ebur
1774 2497 1838 2558 ΡΗ

159 2568 245 2608 310
277 2577 440 2620 repens
473 2567 554 2606 AG
592 2578 752 2608 recens
789 2564 954 2620 reliqui
976 2563 992 2619 ΙΙ
1015 2566 1100 2606 311
1126 2559 1346 2604 Dissiciat
1376 2558 1476 2601 PG2
1522 2558 1755 2603 Dissiceat
1777 2561 1836 2600 I’c

142 2623 200 2678 cf.
226 2622 464 2667 Ribbeckii
485 2624 686 2680 proleyy.
714 2624 775 2667 ad
801 2623 930 2679 Very.
955 2637 1006 2678 p.
1039 2624 1128 2665 414
1162 2620 1296 2663 Theb.
1331 2619 1366 2662 I
1398 2622 1489 2664 590
1516 2619 1569 2662 X
1591 2621 1653 2663 69
1682 2615 1836 2660 Disso-

141 2682 232 2727 tiet
256 2686 291 2725 G
328 2681 530 2726 Deiiciat
553 2688 588 2724 Ι)
622 2682 853 2726 Discutiat
883 2685 996 2736 ptH
1030 2682 1045 2736 ΙΙ
1084 2684 1170 2724 313
1219 2678 1475 2734 ductorque
1513 2682 1546 2720 Ρ
1591 2677 1835 2732 rectorque

141 2742 275 2786 ceteri
322 2742 379 2796 cf.
416 2755 456 2785 v.
498 2745 562 2786 88
589 2743 595 2798 Ι
624 2746 709 2785 315
742 2743 879 2798 pastu
911 2745 967 2783 Po
990 2741 1006 2798 ΙΙ
1030 2742 1113 2783 315
1164 2738 1443 2793 obstantque
1475 2741 1537 2780 rt
1575 2736 1835 2792 optantque

143 2802 275 2844 ceteri
315 2800 599 2857 cupiuntque
638 2801 767 2845 Leid.
821 2801 836 2857 ΙΙ
898 2805 984 2845 318
1044 2797 1231 2843 conscia
1260 2798 1470 2854 tempore
1501 2798 1592 2840 Au
1621 2794 1834 2850 tempore

143 2860 331 2904 conscia
368 2860 465 2905 edd.
500 2865 585 2904 319
618 2859 771 2904 Hasne
796 2863 905 2902 AtD
938 2861 1008 2913 (ut
1031 2857 1377 2903 emendaverant
1410 2854 1670 2901 Gronovius
1691 2853 1832 2897 Bent-

143 2919 258 2963 leius
301 2918 602 2975 Schraderus)
634 2919 791 2963 Hosne
823 2922 946 2972 pGE
977 2918 1074 2963 edd.
