2008 3198
222 172 327 225 112
789 171 838 215 Ρ.
872 169 1100 215 PAPINII
1132 169 1324 214 STATII

218 294 442 364 Ignibus
482 294 678 346 hausta
718 292 929 361 sedent,
967 309 1065 345 nee
1107 309 1230 359 spes
1269 291 1503 344 umentis
1543 289 1786 359 Olympi,
1859 319 1861 321 ·
1899 285 1902 292 λ

219 367 331 422 Ceu
369 368 566 420 flavam
603 366 811 435 Libyen
850 366 1168 435 desertaque
1205 365 1441 433 pulveris
1481 363 1604 418 Afri

222 440 572 496 Conlustrent
608 441 863 509 nullaque
902 440 1207 492 umbratam
1246 438 1386 491 nube
1427 436 1654 508 Syenen.

295 515 538 568 Tandem
577 514 717 567 inter
758 514 921 567 silvas
963 510 1065 583 (sic
1106 512 1313 566 Euhius
1353 512 1470 581 ipse
1508 509 1752 581 pararat)

220 589 483 643 Errantes
523 589 759 641 subitam
797 588 1020 657 pulchro
1061 587 1118 639 in
1157 603 1399 640 maerore
1438 588 1660 638 tuentur
1820 595 1908 638 '140
1939 652 1943 655 q

225 663 586 733 Hypsipylen3
624 662 708 714 illi
747 662 993 730 quamvis
1035 663 1089 713 et
1128 661 1195 713 ab
1236 661 1398 713 ubere
1439 658 1698 728 Opheltes

222 736 348 790 Non
389 755 540 804 SUUS‚
579 736 788 788 Inachii
827 736 1006 805 proles
1046 735 1283 788 infausta
1322 734 1576 804 Lycurgi,

225 811 508 879 Dependet
548 810 821 880 (neglecta
861 827 1070 862 comam
1109 827 1209 862 nec
1250 808 1397 862 dives
1437 804 1685 878 amictu),

223 884 455 954 Regales
496 887 681 936 tamen
721 901 812 936 ore
850 886 1035 951 notae,
1074 900 1172 936 nec
1211 900 1420 935 mersus
1461 881 1671 935 acerbis

224 957 394 1011 Extat
417 958 606 1011 honos,
651 957 804 1010 Tunc
827 957 960 1010 haec
984 957 1116 1009 adeo
1142 956 1478 1025 stupefactus
1502 954 1792 1008 Adrastus:
1826 963 1912 1007 745

225 1030 386 1085 ‘Diva
424 1034 612 1098 potens
652 1049 933 1084 nemorum
975 1031 1126 1098 (nam
1164 1033 1219 1083 te
1260 1030 1548 1098 vultusque
1586 1028 1866 1099 pudorque

226 1105 449 1159 Mortali
489 1106 554 1159 de
595 1106 760 1173 stirpe
798 1105 1052 1175 negant),
1092 1121 1338 1157 succurre
1378 1101 1694 1172 propinquis

229 1179 518 1249 Gentibus3
561 1178 927 1247 Arquitenens
970 1197 1063 1231 seu
1101 1182 1155 1231 te
1195 1177 1428 1231 Latonia
1467 1179 1618 1230 casto

227 1253 309 1323 De
351 1271 516 1323 grege
556 1252 863 1306 transmisit
901 1252 1158 1305 thalamis
1171 1293 1184 1319 ‚
1225 1270 1318 1304 seu
1358 1251 1545 1319 lapsus
1586 1250 1654 1303 ab
1694 1248 1856 1303 astris

226 1325 353 1380 Non
376 1326 597 1379 humilis
623 1326 878 1379 fecundat
903 1344 1054 1379 amor
1073 1324 1267 1396 (neque
1289 1324 1434 1378 enim
1458 1325 1575 1393 ipse
1590 1324 1813 1376 deorum
1831 1333 1917 1376 ‘150

132 1440 139 1444 -
229 1400 450 1453 Arbiter
491 1400 815 1470 Argolidum
854 1399 1112 1453 thalamis
1151 1396 1366 1469 novus),
1407 1397 1587 1467 aspice
1626 1399 1871 1461 maesta,

230 1474 485 1545 Agmina.
561 1474 676 1528 Nos
717 1473 858 1526 ferro
900 1474 1124 1527 meritas
1165 1472 1442 1526 excindere
1481 1471 1695 1524 Thebas

229 1547 381 1602 Mens
420 1548 571 1617 tulit⁷
610 1548 817 1600 imbelli
858 1547 949 1600 sed
988 1565 1130 1600 nunc
1170 1546 1289 1599 sitis
1331 1563 1522 1614 aspera
1560 1544 1674 1598 fato

232 1620 623 1690 Submittitque
664 1622 874 1674 animos
917 1625 971 1674 et
1009 1622 1211 1674 inertia
1249 1620 1449 1673 robora
1488 1618 1675 1688 carpit.

234 1695 320 1748 Da
358 1696 517 1749 fessis
557 1696 613 1747 in
652 1696 811 1748 rebus
854 1712 1033 1763 opem,
1074 1712 1165 1747 seu
1205 1693 1451 1746 turbidus
1492 1692 1690 1761 amniS‚
1833 1703 1919 1745 755

235 1767 341 1822 Seu
380 1769 482 1822 tibi
523 1768 681 1822 foeda
718 1770 900 1838 palus3
941 1768 1080 1820 nihil
1119 1767 1221 1820 hac
1260 1768 1316 1820 in
1357 1769 1502 1820 sorte
1541 1765 1868 1835 pudendum,

230 1843 325 1896 Nil
363 1842 568 1895 humile
610 1846 712 1912 est3
753 1847 815 1895 tu
854 1861 995 1895 nunc
1033 1842 1208 1895 ventis
1248 1841 1537 1911 pluvioque
1575 1840 1785 1910 rogaris

231 1917 336 1970 Pro
375 1917 527 1985 Iove,
566 1920 626 1969 tu
665 1916 881 1986 refugas
923 1917 1062 1969 vires
1104 1919 1159 1969 et
1197 1918 1419 1984 pectora
1457 1914 1614 1967 bellis

232 1989 556 2043 Exanimata
594 1991 764 2059 reple:
807 1991 884 2044 sic
922 1990 1024 2043 hoc
1063 1990 1166 2043 tibi
1206 1989 1377 2042 sidere
1417 1987 1603 2041 dextro

236 2062 457 2118 Crescat
489 2082 638 2117 onus
702 2065 941 2117 Tantum
972 2064 1193 2116 reduces
1228 2063 1317 2115 det
1348 2063 1561 2115 flectere
1587 2078 1803 2131 gressus
1837 2072 1922 2114 760

905 2243 1024 2286 quae
1056 2230 1185 2274 laeta
1217 2229 1302 2273 sub
1334 2230 1426 2273 isto
1858 2236 1924 2270 ‘1'47

501 2288 614 2343 Igne
645 2288 745 2345 poli
778 2301 874 2332 non
907 2289 1091 2345 quaeris
1125 2302 1289 2345 aquas,

358 2477 441 2517 739
473 2474 666 2528 pararat
696 2479 728 2516 P
760 2475 963 2531 parabat
995 2474 1128 2519 ceteri
1149 2476 1165 2531 ΙΙ
1191 2478 1272 2518 741
1309 2472 1369 2516 ad
1400 2472 1548 2516 ubera
1578 2475 1661 2515 PH
1683 2472 1699 2528 11
1723 2475 1809 2517 743
1839 2482 1927 2515 nec

236 2531 364 2577 laeta
392 2535 530 2577 Bcrb
562 2533 673 2578 Βοὴ.
703 2538 728 2578 1
768 2535 895 2579 Dan.
928 2536 942 2591 ΙΙ
975 2539 1058 2579 747
1086 2547 1148 2591 sq.
1192 2534 1337 2578 Verba
1370 2545 1488 2587 quae
1519 2531 1648 2576 laeta
1680 2556 1733 2565 -
1765 2543 1926 2586 aquas,

237 2605 352 2649 quae
396 2592 558 2636 desunt
609 2593 662 2636 in
699 2598 753 2647 P,
805 2594 1015 2652 Ieyuntur
1060 2595 1113 2638 in
1157 2593 1334 2646 ceteris,
1381 2591 1589 2648 expunxi
1633 2594 1674 2635 et
1718 2601 1927 2634 numeros

237 2664 445 2697 versuum
483 2652 659 2695 mutavi
681 2653 696 2707 ΙΙ
723 2657 805 2696 748
840 2653 1139 2708 arquitenens
1171 2657 1236 2694 Pr
1280 2650 1542 2695 arcitenens
1573 2654 1619 2692 u
1649 2649 1925 2706 arcytenens

240 2713 310 2753 Bb
359 2708 653 2766 architenens
695 2716 728 2753 G
769 2714 824 2767 cf.
868 2713 1033 2757 Achill.
1075 2712 1105 2755 1
1136 2714 1230 2755 682
1268 2712 1284 2767 ΙΙ
1325 2714 1409 2755 753
1452 2722 1617 2766 aspera
1654 2710 1778 2750 PGB
1814 2706 1926 2751 Βοὴ.

243 2768 363 2815 Oolb.
397 2767 536 2814 anxia
557 2772 647 2811 Bu
671 2771 804 2815 ansia
830 2777 855 2814 S
880 2774 894 2829 ΙΙ
920 2776 1002 2816 757
1028 2770 1159 2816 venis
1182 2771 1490 2814 Baehrensius
1513 2770 1528 2825 ss
1553 2770 1636 2812 758
1659 2767 1713 2810 tu
1735 2766 1930 2832 pectora

240 2828 467 2873 Barthius
493 2832 499 2883 Ι
526 2827 664 2873 bellis
704 2834 736 2872 P
775 2830 902 2875 bello
943 2832 1076 2876 ceteri
1097 2831 1112 2886 ΙΙ
1137 2835 1222 2875 760
1255 2827 1444 2873 Crescat
1474 2827 1621 2871 honos
1650 2830 1683 2868 P
1714 2823 1928 2869 dltabere

243 2886 547 2931 Burmannus
579 2886 670 2933 Sec.
