2072 3216
677 172 1015 218 THEBAIDOS
1047 172 1158 217 LIB.
1192 171 1291 218 VII.
1723 171 1828 225 201

142 293 336 348 Portat
374 294 570 348 adhuc:
609 312 706 348 ceu
743 295 983 349 nondum
1023 295 1205 348 anima
1244 291 1483 346 defectus
1522 295 1750 362 utraque

143 365 279 421 Cum
322 387 418 422 sua
458 366 759 422 Centaurus
799 369 1034 422 moriens
1073 370 1131 421 in
1170 372 1326 437 terga
1363 366 1644 420 recumbit.

142 439 330 496 Certat
368 460 504 511 opus
543 443 696 495 ferri:
737 446 988 496 sternunt
1027 443 1237 496 alterna
1274 441 1514 494 furentes
1741 454 1831 494 640

139 514 522 586 Hippomedon
561 515 817 585 Sybarin,
862 516 1077 585 Pylium
1115 514 1448 585 Periphanta
1486 513 1834 581 MenoeceuS,

139 588 583 658 Parthenopaeus
622 590 773 659 Ityn:
814 587 1033 659 Sybaris
1071 592 1212 644 iacet
1251 606 1375 641 ense
1415 592 1658 657 cruento,

140 662 375 732 Cuspide
414 667 539 716 trux
576 663 862 733 PeriphaS,
902 663 1020 733 Itys
1059 664 1347 718 insidiante
1387 663 1606 730 sagitta.

140 735 379 791 Caeneos
418 736 625 791 Inachii
662 737 806 790 ferro
844 737 1144 791 Mavortius
1183 737 1434 790 Haemon

139 808 298 864 Colla
334 811 500 880 rapit,
543 812 629 864 cui
667 811 944 865 dividuum
982 815 1134 865 trans
1175 827 1369 879 corpus
1410 808 1623 861 hiantes
1742 821 1833 862 645

137 883 409 938 Truncum
441 885 583 938 oculi
616 889 904 954 quaerunt,
945 886 1155 939 animus
1188 886 1374 954 caput3
1417 901 1569 935 arma
1599 883 1829 935 iacentis

134 957 251 1011 Iam
290 959 540 1027 rapiebat
577 959 749 1012 Abas:
791 978 956 1013 cornu
997 960 1289 1028 deprensus
1330 956 1542 1009 Achiva

135 1030 359 1086 Dimisit
397 1032 632 1086 moriens
674 1033 907 1103 clipeum
945 1033 1310 1103 hostilemque
1351 1047 1625 1099 suumque.

210 1106 342 1170 Quis
382 1106 486 1159 tibi
524 1105 824 1167 Baccheos,
864 1107 1111 1177 Eunaee‚
1148 1108 1452 1176 relinquere
1494 1104 1694 1173 cultus,

135 1179 264 1242 Quis
306 1180 479 1249 lucOS,
516 1182 717 1234 vetitus
757 1181 950 1250 quibus
992 1182 1284 1235 emansisse
1327 1177 1601 1246 sacerdOS,
1739 1189 1828 1230 650

134 1250 319 1307 Suasit
358 1257 412 1307 et
451 1254 733 1308 adsuetum
772 1253 995 1308 Bromio
1035 1260 1246 1309 mutare
1284 1251 1563 1307 furorem?

134 1326 307 1389 Quem
344 1331 547 1381 terrere
588 1328 791 1397 queas?
831 1329 991 1398 clipei
1031 1329 1367 1398 penetrabile
1407 1328 1617 1378 textum

131 1399 409 1454 Pallentes
448 1401 677 1454 hederae
716 1400 1039 1471 Nysaeaque
1080 1406 1224 1456 serta
1263 1402 1547 1467 coronant,

134 1471 374 1527 Candida
412 1475 700 1543 pampineo
742 1475 1077 1528 subnectitur
1114 1476 1304 1537 instita
1341 1475 1480 1543 pilo,

133 1545 294 1601 Crine
332 1548 505 1601 latent
542 1549 738 1616 umeri,
779 1552 1029 1602 crescunt
1066 1550 1324 1619 lanugine
1364 1546 1563 1614 malae,
1736 1557 1824 1598 655

130 1619 205 1673 Et
242 1622 401 1674 rubet
439 1622 673 1675 imbellis
713 1622 882 1691 Tyrio
925 1624 1227 1677 subtemine
1266 1622 1483 1687 thoraX‚

129 1692 495 1764 Bracchiaque
535 1695 593 1748 in
631 1697 858 1750 manicis
899 1700 953 1749 et
990 1697 1168 1766 pictae
1208 1697 1425 1751 vincula
1463 1693 1681 1762 plantae

130 1766 490 1838 Carbaseique
530 1770 680 1823 sinus
691 1812 705 1838 ‚
744 1773 800 1823 et
839 1771 1006 1824 fibula
1044 1771 1224 1824 rasilis
1267 1788 1398 1823 auro

133 1840 454 1895 Taenariam
492 1842 642 1896 fulva
680 1844 965 1897 mordebat
1003 1845 1210 1914 iaspide
1250 1845 1476 1912 pallam,

134 1914 309 1977 Quam
351 1933 510 1984 super
550 1935 582 1968 a
619 1919 773 1985 tergo
813 1917 971 1970 velox
1012 1922 1228 1986 corytus
1270 1921 1323 1969 et
1362 1934 1516 1969 arcus
1734 1927 1823 1967 660

133 1987 538 2057 Pendentesque
580 1993 775 2042 sonant
815 1994 1007 2043 aurata
1046 1991 1200 2059 lynce
1240 1991 1543 2060 pharetrae.

130 2060 183 2113 It
223 2061 542 2131 lymphante
582 2063 680 2116 deo
721 2063 900 2116 media
940 2065 1080 2116 inter
1119 2065 1273 2117 milia
1311 2065 1537 2134 longum

128 2133 467 2189 Vociferans:
510 2136 820 2190 ‘Prohibete
860 2156 1075 2207 manus,
1115 2138 1250 2191 haec
1290 2138 1468 2192 omine
1509 2137 1697 2189 dextro

127 2206 342 2262 Moenia
382 2207 642 2264 Cirrhaea
681 2212 1007 2264 monstravit
1045 2211 1248 2281 Apollo
1290 2213 1540 2281 iuvenea3

127 2281 362 2352 Parcite,
402 2283 459 2336 in
497 2284 632 2337 haec
670 2285 814 2338 ultro
850 2286 1063 2354 scopuli
1101 2304 1294 2339 venere
1334 2286 1595 2339 volentes.
1734 2297 1820 2338 665

129 2353 274 2407 Gens
315 2361 527 2410 sacrata
566 2376 771 2411 sumus:
814 2376 979 2429 gener
1017 2359 1143 2412 huie
1183 2363 1266 2412 est
1304 2359 1552 2428 Iuppiter
1594 2358 1715 2411 urbi

246 2504 346 2544 647.
374 2501 535 2544 ‘cornu
561 2502 806 2558 depressus
831 2502 1030 2548 Achiva’
1058 2502 1338 2548 Priscian.
1367 2503 1430 2548 VI
1455 2508 1510 2548 83
1537 2518 1581 2560 p.
1602 2508 1701 2558 267,
1719 2508 1743 2547 9
1760 2502 1818 2547 Η.

245 2652 330 2692 640
379 2648 592 2691 sternunt
629 2652 706 2690 PG
748 2649 868 2694 Gozb.
918 2651 1223 2706 sternuntque
1261 2651 1454 2694 Be²su
1484 2651 1499 2706 ΙΙ
1532 2655 1614 2694 641
1663 2650 1816 2692 Inter-

121 2707 415 2762 punctionem
447 2720 560 2751 corr.
586 2707 822 2752 Bentleius
844 2711 860 2765 u
885 2714 969 2753 642
1001 2709 1141 2765 ichyn
1163 2714 1195 2751 Ρ
1218 2711 1326 2766 ycte
1352 2711 1407 2766 (?)
1434 2714 1466 2751 Β
1490 2712 1506 2765 ΙΙ
1531 2713 1614 2752 645
1641 2707 1715 2750 cui
1739 2706 1815 2750 de·

6 2786 37 2849 χ
124 2764 311 2808 cidnum
329 2765 553 2809 Heinsius
576 2767 590 2822 ΙΙ
616 2770 701 2810 646
728 2765 931 2810 animam
951 2771 1092 2824 caput
1111 2768 1400 2824 Peyraredus
1423 2770 1438 2824 ΙΙ
1464 2772 1547 2811 647
1568 2766 1625 2809 de
1660 2779 1816 2808 tessus

126 2822 273 2868 Prisc.
298 2824 314 2879 ΙΙ
338 2828 424 2869 654
447 2822 696 2880 pampineo
713 2824 851 2868 Bc²s
875 2826 1148 2882 pampineos
1165 2831 1198 2869 P
1221 2841 1451 2883 purpureo
1470 2831 1545 2868 GT
1573 2829 1577 2876 Ι
1606 2825 1634 2867 fi
1658 2837 1683 2867 o
1701 2824 1811 2869 Beh.

124 2882 220 2926 edd.
246 2883 262 2937 ΙΙ
285 2887 370 2926 656
397 2882 691 2938 subtegmine
709 2883 942 2927 1301200111·
959 2886 973 2943 Η
990 2890 1075 2929 663
1093 2885 1372 2941 prohibente
1388 2891 1420 2927 P
1437 2886 1451 2942 Η
1470 2888 1555 2928 664
1572 2882 1767 2927 iuuenta
1781 2887 1816 2925 P
