2028 3190
660 164 1001 210 THEBAIDos
1033 164 1147 210 Lis.
1179 165 1298 210 vni.
1599 146 1606 151 ”
1718 164 1825 218 217

139 285 318 341 Causa
356 287 507 340 latet.
567 286 694 340 Non
732 287 874 340 hunc
913 285 1062 356 Tyrii
1100 286 1212 340 fors
1252 304 1514 357 prospera
1552 287 1704 356 belli,
1737 299 1823 340 250

138 360 375 415 Tantum
415 361 560 414 bella
597 361 812 431 iuvant3
849 364 1039 414 natum
1076 360 1442 430 hortaturque,
1468 363 1791 431 probatque,

136 433 252 489 Nec
289 435 484 489 vicisse
523 435 676 506 velit3
718 435 813 488 sed
850 435 1056 504 primos
1096 436 1398 489 comminus
1439 453 1595 489 enses

136 509 212 562 Et
252 509 469 563 sceleris
508 510 678 563 tacito
716 510 948 562 rimatur
988 509 1195 562 semina
1232 514 1377 562 voto,

136 582 268 636 Inde
308 583 498 653 epulae
536 583 718 637 dulces
757 584 1050 653 ignotaque
1091 584 1290 653 gaudia
1327 583 1495 637 vultu.

140 657 327 720 Qualis
365 660 493 726 post
530 658 725 727 longae
764 656 1000 710 Phineus
1040 657 1242 710 ieiunia
1277 675 1505 728 poenae,
1740 669 1828 710 255

138 729 233 784 Nil
274 731 500 784 stridere
539 731 685 784 domi
723 731 968 785 volucres
1008 734 1070 784 ut
1109 731 1277 784 sensit
1317 732 1539 784 abactas

140 803 408 874 (Necdum
446 807 564 858 tota
602 803 781 877 fides),
819 805 1009 858 hilaris
1049 823 1372 875 mensasque
1411 808 1670 875 torosque

136 877 252 932 Nec
289 879 515 932 turbata
552 879 684 933 feris
723 880 981 933 tractavit
1019 881 1215 948 pocula
1252 880 1447 949 pinnis.

215 950 410 1006 Cetera
449 952 735 1007 Graiorum
778 954 922 1007 curis
964 953 1234 1024 armisque
1273 954 1485 1007 iacebat

136 1025 306 1080 Fessa
345 1027 559 1095 cohors3
600 1029 712 1080 alto
754 1031 1053 1081 castrorum
1092 1046 1156 1080 ex
1196 1045 1397 1098 aggere
1436 1027 1704 1082 Adrastus
1745 1041 1832 1081 260

136 1099 422 1154 Laetificos
462 1101 613 1154 tenui
652 1102 908 1171 captabat
947 1102 1105 1155 corde
1145 1103 1430 1171 tumultus,

138 1173 478 1244 Quamquam
515 1193 678 1246 aeger
717 1177 890 1242 senio,
930 1176 1022 1229 sed
1062 1177 1179 1246 agit
1217 1176 1525 1229 miseranda
1563 1178 1807 1245 potestas

137 1248 433 1319 Invigilare
472 1250 648 1302 malis,
724 1250 824 1302 Ille
864 1268 1052 1303 aereus
1091 1250 1326 1320 undique
1366 1250 1573 1304 clamor

142 1321 494 1392 Thebanique
533 1327 700 1376 ruunt
739 1323 972 1393 sonitUS‚
1013 1327 1068 1377 et
1107 1343 1293 1377 amara
1332 1324 1552 1377 lacessit

139 1395 320 1465 Tibia,
359 1400 475 1450 tum
513 1398 682 1450 nimio
721 1415 881 1451 voces
921 1415 1164 1450 marcore
1204 1399 1466 1466 superbae
1744 1410 1830 1451 265

140 1468 492 1541 Incertasque
529 1471 674 1524 faces
716 1475 771 1524 et
809 1471 919 1524 iam
957 1471 1101 1524 male
1140 1472 1372 1542 pervigil
1411 1472 1571 1541 ignis,

141 1541 229 1596 Sic
268 1544 362 1597 ubi
399 1562 497 1614 per
534 1545 730 1598 fluctus
769 1563 877 1598 uno
917 1545 1052 1598 ratis
1094 1546 1289 1599 obruta
1328 1564 1519 1599 somno

139 1616 433 1687 Conticuit,
472 1619 684 1688 tutique
723 1619 890 1673 maris
931 1637 1119 1672 secura
1156 1621 1404 1673 iuventus

138 1690 462 1745 Mandavere
504 1693 734 1746 animas:
777 1695 921 1747 solus
963 1697 1076 1747 stat
1113 1713 1293 1764 puppe
1333 1693 1599 1762 magister

140 1764 381 1836 Pervigil
420 1767 789 1837 inscriptaque
830 1767 960 1821 deus
1001 1769 1093 1837 qui
1131 1769 1365 1838 navigat‘
1396 1769 1536 1820 alno,
1747 1780 1835 1821 270

213 1838 448 1908 Tempus
490 1844 628 1909 erat,
666 1842 880 1894 iunctos
921 1859 1044 1894 cum
1082 1842 1188 1894 iam
1233 1859 1387 1895 soror
1425 1841 1586 1911 ignea
1625 1839 1831 1895 Phoebi

143 1910 327 1966 Sensit
366 1930 534 1982 equos
573 1914 894 1984 penitusque
936 1932 1121 1967 cavam
1163 1915 1261 1967 sub
1302 1915 1421 1967 luce
1460 1917 1654 1983 parata

142 1985 340 2040 Oceani
380 1987 589 2057 mugire
629 1988 871 2057 domum,
912 2006 1133 2058 seseque
1171 1991 1463 2058 vagantem

140 2059 369 2130 Colligit
408 2065 464 2113 et
503 2062 696 2114 leviter
734 2065 883 2116 moto
923 2062 1081 2132 fugat
1120 2065 1269 2115 astra
1307 2061 1549 2131 flagello:

141 2133 441 2188 Concilium
471 2153 566 2188 rex
596 2136 753 2189 triste
785 2140 965 2201 vocat,
997 2139 1370 2205 quaeruntque
1406 2140 1707 2206 gementeS‚
1747 2148 1833 2190 275

142 2207 273 2271 Quis
313 2209 559 2277 tripodas
600 2228 876 2263 successor
917 2214 1070 2280 agat,
1111 2229 1216 2280 quo
1257 2210 1481 2279 provida
1519 2210 1705 2263 laurus

142 2281 410 2335 Transeat
441 2285 601 2352 atque
627 2284 820 2337 orbum
846 2285 1018 2338 vittae
1043 2285 1219 2338 decus,
1281 2283 1432 2338 Haut
1454 2303 1629 2353 mora,
1653 2283 1830 2338 cuncti

265 2416 365 2456 256.
401 2411 499 2456 ‘Nil
534 2440 587 2445 —-
623 2414 766 2458 clomi'
801 2413 1078 2460 Priscian.
1112 2415 1153 2458 X
1185 2419 1242 2460 29
1274 2430 1318 2472 p.
1353 2421 1454 2471 521,
1490 2420 1542 2460 13
1575 2414 1631 2458 Η.

266 2535 349 2574 251
401 2531 673 2587 ortaturque
716 2536 749 2574 P
786 2534 803 2590 ΙΙ
841 2537 926 2577 253
976 2532 1165 2577 sceleris
1210 2537 1340 2576 PGH
1386 2532 1614 2577 scelerum
1660 2531 1833 2587 3811}

143 2588 340 2633 rimatur
380 2590 570 2646 pectore
603 2592 651 2647 (a
681 2592 741 2636 al.
775 2606 830 2636 m.
863 2595 1113 2650 suprascr.)
1146 2594 1256 2637 voto
1289 2597 1322 2635 P
1352 2593 1368 2649 ΙΙ
1399 2597 1484 2637 263
1517 2591 1598 2636 ille
1629 2596 1661 2633 P
1692 2588 1830 2632 illum

141 2650 275 2693 ceteri
310 2650 327 2705 ΙΙ
365 2653 451 2693 264
481 2650 624 2693 ruunt
653 2654 686 2691 P
717 2651 859 2694 urunt
889 2653 1021 2696 ceteri
1049 2654 1065 2708 u
1096 2655 1182 2695 265
1221 2653 1334 2696 tunc
1365 2655 1489 2694 ΡΗΤ
1519 2652 1534 2707 ΙΙ
1565 2655 1649 2694 267
1682 2649 1776 2691 imo
1809 2661 1832 2690 ο

150 2706 363 2753 Weberus
390 2711 396 2765 Ι
425 2706 566 2751 obvia
587 2712 620 2750 P
644 2710 659 2765 ΙΙ
682 2713 768 2754 268
799 2709 1016 2765 tantique
1047 2711 1173 2755 codd.
1205 2712 1303 2756 edd.
1336 2711 1519 2765 tutique
1544 2722 1657 2754 corr.
1683 2705 1831 2751 Baeh-

141 2768 320 2811 rensius
354 2769 369 2823 ΙΙ
404 2771 491 2811 270
532 2765 799 2823 scriptaque
831 2773 863 2811 P
898 2771 913 2824 ΙΙ
948 2774 1032 2814 272
1067 2768 1222 2813 Sensit
1251 2774 1326 2812 ΡΤ
1358 2767 1512 2813 Sentit
1541 2770 1664 2810 ΒΘΗ
1697 2768 1713 2821 ss
1744 2768 1832 2808 274

143 2823 313 2870 leviter
349 2828 479 2870 moto
515 2830 591 2868 PG
628 2828 758 2871 moto
795 2826 965 2871 leviter
1002 2831 1126 2871 ΕΒΗ
1163 2829 1179 2884 ΙΙ
1219 2834 1304 2873 276
1344 2825 1564 2884 prodigia
1600 2824 1759 2869 laurus
1797 2827 1832 2866 P

144 2884 333 2940 prodita
364 2886 496 2930 ceteri
528 2884 726 2942 provida
757 2899 870 2932 corr.
906 2886 1196 2944 Peyraredus
1219 2888 1352 2943 prob.
1389 2885 1550 2931 Grotz‘o
