1942 3190
154 155 240 202 XII
664 153 953 205 ,EDITORIS
985 153 1342 200 PRAEFATIO.

154 276 209 329 II
237 277 358 330 167.
408 275 714 329 Librarium
755 275 1016 329 sermonis
1047 275 1202 329 latini
1241 275 1374 332 satis
1405 275 1658 345 ignarum
1682 276 1847 332 fuisse

154 369 313 404 nemo
377 351 479 404 erit
537 350 665 418 quin
733 350 1034 419 intellegat:
1105 349 1349 418 quamvis
1413 352 1621 404 scateat
1681 351 1847 422 igitur

155 425 322 478 codex
367 424 514 478 vitiis
570 424 746 477 omnis
802 424 1035 493 generis,
1089 426 1275 476 tamen
1327 423 1676 478 inveniuntur
1728 426 1849 495 loci,

156 499 352 568 quibus
394 499 538 552 solus
587 516 708 551 cum
750 506 794 551 P
841 498 1128 566 conspiret.
1210 496 1426 550 Plenius
1475 498 1539 551 de
1585 498 1688 552 hoc
1734 501 1849 554 eod.

156 573 457 641 disputavit
493 571 645 625 Aem.
686 571 961 640 GrossiuS,
1006 589 1187 641 progr.
1227 569 1362 625 Coll.
1400 570 1600 626 Frider.
1637 572 1846 644 Regim.

160 648 324 712 1866,
378 646 469 715 qui
520 665 642 699 011111
693 650 747 699 et
797 646 1156 699 conlationem
1206 645 1409 714 publici
1458 645 1590 698 iuris
1642 646 1848 718 fecerit,

156 739 319 789 quam
365 722 433 774 ab
482 722 654 774 amico
700 720 903 773 factam
949 719 1212 774 Krausius
1265 719 1313 771 ei
1351 720 1749 790 transmiserat,
1795 725 1852 776 et

154 794 412 848 lectiones
468 812 532 847 ex
577 804 603 847 t
657 795 885 863 aliisque
946 794 1094 847 codd.
1154 793 1348 845 allatas
1397 794 1541 846 inter
1591 812 1647 847 se
1701 813 1848 849 com-

154 870 448 938 paraverit,
486 869 642 922 valde
674 868 963 922 dolendum
990 872 1092 938 est,
1132 867 1275 936 quod
1313 868 1372 919 in
1396 867 1566 920 altera
1604 870 1850 937 opusculi

155 946 309 1011 parte
349 940 424 1013 (p.
461 945 528 996 12
563 942 701 1012 sqq.)
740 942 899 1011 plura
937 961 1099 1012 quam
1138 960 1238 1010 par
1277 944 1361 994 est
1399 941 1534 994 vitia
1572 942 1851 997 inveniun-

153 1020 258 1070 tur.
332 1018 552 1071 Arctius
591 1027 617 1069 t
657 1018 972 1070 coniunctus
1013 1033 1130 1069 esse
1168 1015 1381 1068 videtur
1419 1033 1541 1068 011111
1578 1035 1639 1086 p,
1690 1013 1849 1087 quem

155 1091 393 1145 codicem
446 1110 556 1145 una
610 1109 730 1144 cum
780 1098 825 1144 P
874 1089 1105 1145 Amarus
1161 1092 1215 1142 et
1259 1088 1559 1142 Lemairius
1617 1090 1849 1145 editores

154 1164 387 1218 Parisini
434 1165 801 1219 contulerunt:
849 1182 1141 1234 quamqum
1187 1163 1410 1217 dubium
1449 1163 1584 1216 mihi
1622 1164 1853 1234 videtur,

153 1257 337 1298 ,annon
395 1243 640 1293 accurate
685 1238 925 1292 fecerint.
999 1238 1103 1291 Est
1149 1238 1277 1291 cod.
1317 1236 1654 1292 Parisinus
1702 1239 1850 1292 8052

154 1314 450 1366 membran.
485 1332 621 1368 saec.
654 1312 970 1381 duodecimi,
1009 1312 1121 1366 foll.
1155 1311 1225 1365 58
1266 1310 1544 1365 Thebaida
1577 1315 1631 1364 et
1669 1311 1849 1366 Achil-

153 1387 296 1440 leida
336 1387 818 1456 comprehendens,
859 1387 950 1455 qui
989 1404 1110 1439 cum
1147 1396 1173 1438 t
1213 1387 1267 1438 et
1304 1385 1477 1438 tribus
1515 1385 1670 1439 libris
1694 1384 1852 1440 MSS.

154 1462 212 1514 in
255 1462 590 1515 bibliotheca
629 1460 1057 1529 Guelferbytana
1096 1459 1385 1513 asservatis
1426 1476 1735 1528 expressam
1774 1461 1851 1514 al-

154 1537 324 1589 terius
363 1536 577 1606 generis
619 1535 857 1604 effigiem
897 1534 1132 1603 praebet.
1202 1532 1508 1600 Principem
1546 1533 1692 1587 inter
1728 1534 1852 1588 illos

153 1610 332 1663 locum
380 1610 588 1663 obtinet
640 1608 973 1662 Gudianus
1021 1607 1116 1677 52,
1154 1606 1448 1659 membran.
1497 1623 1632 1659 saec.
1672 1609 1852 1678 quarti

157 1684 372 1753 decimi,
413 1683 690 1736 Thebaida
729 1687 783 1736 et
821 1681 1122 1735 Achilleida
1160 1699 1280 1734 cum
1321 1679 1539 1733 scholiis
1577 1681 1851 1750 margina-

155 1758 297 1811 libus
330 1758 715 1828 complectens3
754 1756 1059 1810 conlatione
1091 1773 1221 1807 usus
1254 1773 1373 1807 sum
1405 1771 1438 1806 a
1458 1752 1516 1806 F.
1540 1752 1607 1808 A.
1630 1753 1849 1808 Menkio

155 1831 314 1885 facta.
375 1831 451 1885 Ut
489 1832 599 1884 iam
637 1832 697 1884 in'
719 1839 771 1884 Gr
795 1830 1042 1900 plurimis
1081 1829 1213 1883 locis
1253 1828 1512 1882 lectiones
1545 1828 1849 1898 singulares

154 1908 370 1959 exstant
425 1924 560 1975 quae
618 1924 681 1958 ex
735 1905 880 1958 docti
927 1904 1203 1958 cuiusdam
1264 1902 1583 1955 coniecturis
1631 1902 1850 1956 fluxisse

152 1980 416 2049 videntur,
454 1980 534 2033 ita
566 1981 736 2033 multo
778 1978 951 2048 magis
989 1977 1347 2046 interpolatus
1380 1978 1434 2027 et
1463 1975 1616 2042 parvi
1647 1975 1850 2029 haben·

156 2054 254 2106 dus
295 2057 377 2106 est
416 2054 545 2108 cod.
586 2051 1135 2105 Helmstadiensis
1177 2050 1332 2102 3191>
1373 2048 1626 2117 chartae,
1666 2066 1849 2102 exara-

153 2131 242 2180 tus
290 2128 348 2180 in
388 2126 678 2181 Germania
717 2126 800 2177 die
841 2124 1155 2178 duodecimo
1197 2121 1341 2190 Sept.
1383 2140 1428 2175 a.
1472 2121 1638 2186 1454,
1689 2141 1848 2192 quem

155 2204 208 2255 et
246 2202 425 2269 ipsum
473 2200 702 2254 contulit
747 2198 1011 2251 Menkius.
1098 2195 1458 2250 Continentur
1505 2194 1739 2250 Thebais
1795 2200 1849 2251 et

152 2275 414 2328 Achilleis
455 2293 577 2327 cum
617 2272 839 2327 Collutii
886 2272 950 2325 de
991 2270 1267 2341 Stagnano
1316 2270 1550 2338 epitome
1588 2268 1849 2324 Achillei-

156 2351 268 2404 dos.
323 2349 550 2402 Minoris
592 2348 754 2401 etiam
794 2347 930 2400 aesti
968 2345 1193 2398 mandus
1235 2347 1318 2396 est
1356 2343 1546 2411 codex,
1586 2343 1678 2412 qui
1717 2344 1848 2397 olim

155 2423 616 2478 Dommerichii
639 2421 766 2490 fuit,
797 2420 958 2474 hodie
983 2418 1316 2472 Gudianus
1341 2418 1464 2470 292.
1490 2417 1524 2469 2
1550 2418 1848 2472 membran.

156 2516 292 2552 saec.
311 2497 493 2567 quarti
518 2496 723 2562 decimi,
749 2495 923 2548 solam
939 2492 1241 2546 Achilleida
1265 2509 1386 2545 cum
1408 2490 1626 2544 scholiis
1643 2491 1846 2545 nullius

153 2571 314 2641 pretii
340 2572 641 2624 continens.
702 2569 772 2638 Is,
797 2568 946 2621 cuius
972 2568 1109 2620 liber
1132 2566 1263 2620 olim
1286 2565 1405 2633 fuit,
1429 2566 1606 2618 rector
1631 2564 1846 2618 scholae

153 2644 697 2699 Wolfenbuttelensis
738 2644 796 2695 in
834 2641 1090 2711 peculiari
1127 2639 1308 2693 libello
1339 2638 1479 2692 1758
1520 2638 1585 2691 de
1617 2656 1680 2691 eo
1704 2640 1845 2690 retu-

152 2722 233 2775 lit.
280 2718 507 2787 Desunt,
539 2736 660 2772 cum
691 2717 798 2770 tria
830 2715 1127 2769 exciderint
1157 2712 1305 2782 folia,
1342 2730 1527 2765 versus
1559 2711 1586 2763 I
1610 2711 1844 2763 33—90.

155 2795 322 2849 537-
342 2793 464 2846 557.
503 2792 557 2844 II
595 2790 831 2844 49—69.
907 2789 972 2842 In
1010 2788 1167 2842 libris
1206 2787 1455 2856 pessimis
1501 2794 1549 2838 D
1597 2801 1711 2837 esse
1749 2785 1843 2837 ha-

157 2867 393 2922 bendum
434 2884 553 2919 cum
586 2883 648 2918 ex
690 2864 812 2918 aliis
844 2867 960 2916 tum
1002 2862 1231 2916 maxime
1265 2878 1327 2913 ea
1367 2879 1431 2913 ex
1462 2878 1518 2912 re
1558 2857 1846 2912 concludas
