2008 3198
684 173 1028 220 THEBAIDOS
1060 173 1169 218 LIB.
1202 173 1235 217 Ι.
1775 172 1806 224 9

122 297 382 367 Prompta
419 315 609 351 manus
650 315 805 350 casus
817 338 832 366 ‚
870 295 1087 350 domino
1128 294 1441 363 cuicumque
1480 294 1678 362 parati.

125 372 370 436 Qualiter
406 371 532 424 hinc
571 370 779 441 gelidus
819 370 1048 439 BoreaS‚
1086 369 1214 422 hinc
1251 368 1465 421 nubifer
1503 367 1682 421 Eurus

122 445 261 500 Vela
297 446 546 514 trahunt,
585 448 746 498 nutat
784 444 992 497 mediae
1031 443 1253 496 fortuna
1291 442 1528 510 carinae,

123 518 268 590 (Heu
307 519 470 573 dubio
512 537 770 589 suspensa
807 521 958 571 metu
996 517 1386 586 tolerandaque
1424 516 1591 569 nullis
1722 528 1805 569 195

123 593 336 664 Aspera
376 611 493 646 sors
532 593 747 662 populls
764 589 800 663 ¹)
840 592 931 645 hic
969 592 1230 661 imperat,
1268 591 1363 643 ille
1402 588 1676 644 minatur?

197 669 275 720 At
311 666 459 721 Iovis
499 668 728 736 imperio
766 665 944 735 rapidi
984 683 1145 735 super
1183 665 1326 718 atria
1364 664 1500 717 caeli

123 740 318 795 Lectus
359 741 587 807 concilio
626 740 809 793 divum
850 741 1173 793 convenerat
1212 739 1343 792 ordo

124 815 391 869 Interiore
429 815 571 884 polo.
650 812 854 884 Spatiis
892 814 1021 866 hinc
1061 813 1245 866 omnia
1283 813 1458 881 iuxta,

123 888 442 958 Primaeque
481 888 837 957 occiduaeque
877 887 1069 941 domus
1109 890 1163 940 et
1201 887 1323 939 fusa
1362 886 1461 939 sub
1501 886 1649 938 omni
1725 898 1810 938 200

125 962 292 1016 Terra
331 966 491 1033 atque
530 962 675 1015 unda
713 962 820 1032 (11ος
860 961 1052 1014 mediis
1094 979 1213 1014 sese
1253 960 1449 1014 arduus
1488 960 1654 1012 infert

123 1035 247 1106 Ipse
287 1037 424 1107 deis,
461 1037 675 1106 placido
718 1036 964 1106 quatiens
1004 1039 1189 1088 tamen
1229 1034 1414 1088 omnia
1453 1034 1630 1100 v'ultU‚

128 1108 488 1181 Stellantique
527 1111 671 1164 locat
711 1110 874 1173 solio;
912 1127 1010 1163 nec
1048 1110 1294 1179 protinus
1335 1109 1452 1161 ausi

126 1181 453 1254 Caelicolae,
491 1185 705 1238 veniam
745 1184 914 1238 donec
953 1187 1109 1253 pater
1148 1183 1263 1252 ipse
1304 1182 1524 1236 sedendi

124 1257 440 1328 Tranquilla
475 1259 629 1312 iubet
667 1276 783 1312 esse
822 1276 1000 1311 manu.
1062 1257 1191 1310 Mox
1228 1257 1390 1310 turba
1420 1273 1684 1327 vagorum
1725 1268 1809 1308 205

130 1330 432 1385 Semideum
474 1336 527 1385 et
566 1333 792 1385 summis
832 1332 1052 1402 cognati
1090 1331 1325 1384 nubibus
1360 1349 1544 1384 amnes

125 1404 202 1458 Et
241 1423 551 1475 compressa
590 1410 740 1458 metu
780 1409 1059 1458 servantes
1098 1423 1376 1457 murmura
1414 1404 1564 1457 venti

129 1478 310 1532 Aurea
347 1483 494 1532 tecta
530 1480 757 1548 replent.
833 1478 1009 1532 Mixta
1048 1496 1286 1531 convexa
1324 1478 1547 1530 deorum

128 1551 415 1606 Maiestate
454 1556 714 1622 tremunt,
753 1553 969 1605 radiant
1007 1553 1210 1605 maiore
1253 1569 1440 1604 sereno

128 1623 379 1679 Culmina
417 1630 472 1679 et
511 1645 707 1680 arcano
747 1627 1000 1679 florentes
1041 1626 1244 1679 lumine
1283 1628 1486 1694 p.ostes
1729 1638 1816 1678 210

125 1698 420 1770 Postquam
459 1700 609 1753 iussa
648 1701 798 1770 quies
840 1701 1096 1770 siluitque
1136 1700 1424 1752 exterritus
1466 1699 1638 1768 orbiS,

126 1771 324 1844 Incipit
362 1792 426 1827 ex
465 1774 578 1827 alto
619 1771 810 1844 (grave
850 1778 906 1827 et
944 1773 1263 1827 inmutabile
1303 1774 1504 1826 sanctis

127 1846 345 1901 Pondus
387 1847 540 1901 adest
577 1848 779 1916 verbis,
818 1851 874 1900 et
912 1866 1098 1901 vocem
1135 1846 1275 1900 Fata
1315 1846 1660 1916 sequuntur):

131 1919 436 1974 ‘Terrarum
477 1921 674 1975 delicta
711 1939 810 1975 nec
851 1921 1214 1975 exsaturabile
1253 1920 1400 1972 Diris

245 2086 330 2126 205
356 2095 422 2136 sq.
453 2081 587 2125 ‘Mox
611 2108 667 2114 —-
694 2080 976 2125 semideum'
1006 2080 1181 2125 schol.
1207 2079 1350 2124 Theb.
1378 2079 1398 2122 I
1424 2084 1510 2125 720
1533 2094 1577 2136 Ρ.
1604 2084 1658 2124 41
1686 2079 1732 2123 L.
1762 2106 1815 2113 —

8 2097 38 2195 ἶ
128 2145 227 2186 206.
265 2140 333 2185 ‘et
357 2166 410 2172 —
438 2141 617 2184 amnes’
654 2140 825 2185 schol.
860 2140 1004 2184 Theb.
1038 2140 1058 2183 Ι
1089 2144 1175 2185 365
1206 2154 1250 2196 p.
1286 2145 1342 2183 23
1366 2139 1413 2184 L.
1450 2165 1505 2172 —
1539 2144 1638 2184 213.
1669 2141 1737 2183 ‘et
1763 2166 1813 2172 —

30 2234 36 2239 .
129 2200 402 2255 sequuntur'
438 2200 586 2245 Serv.
621 2200 682 2244 ad.
714 2200 828 2244 Aen.
861 2199 903 2242 II
935 2204 992 2244 54
1023 2201 1072 2243 et
1102 2199 1143 2242 X
1176 2202 1274 2243 628.

248 2352 331 2392 193
370 2346 557 2391 nubifer
587 2347 759 2391 Auster
789 2363 881 2393 van
911 2347 1090 2392 Kooten
1121 2349 1182 2392 ad
1213 2348 1349 2393 Hom.
1382 2347 1489 2392 Lat.
1518 2351 1609 2392 737
1641 2347 1737 2391 coll
1781 2347 1822 2391 V

129 2439 219 2481 704
239 2448 303 2492 sq.
345 2435 484 2480 VIII
503 2439 605 2492 425,
636 2437 714 2481 sed
738 2437 795 2490 cf.
820 2435 1000 2481 Lucan.
1027 2436 1096 2479 ΙΙ
1113 2439 1203 2481 459
1225 2435 1307 2481 Sil.
1336 2436 1388 2479 X
1410 2439 1503 2481 322
1528 2437 1543 2493 ΙΙ
1569 2440 1653 2481 196
1681 2421 1816 2479 111013

46 2535 49 2538 ⁴
125 2500 160 2539 P
196 2496 212 2551 ΙΙ
253 2498 337 2539 197
384 2492 581 2551 imperio
627 2499 797 2538 PBHI.
843 2497 942 2541 edd.
989 2499 1091 2540 vett.
1139 2494 1348 2552 imperiis
1393 2499 1481 2538 Bu
1520 2497 1536 2552 ΙΙ
1576 2500 1659 2540 199
1707 2493 1817 2538 111110

130 2553 290 2597 omnia
337 2554 652 2599 Marklandus
685 2555 692 2612 Ι
726 2554 851 2598 iusta
897 2558 979 2597 ΤΗ
1018 2554 1127 2598 Beh.
1169 2553 1307 2597 iustis
1349 2554 1640 2611 Peyraredus
1676 2555 1692 2609 ΙΙ
1730 2557 1816 2598 200

46 2629 50 2634 ·
134 2610 282 2656 effusa
306 2612 433 2657 codd.
459 2614 508 2655 et
530 2611 635 2656 fusa
658 2627 771 2659 corr.
800 2614 1114 2658 Marklandus
1138 2618 1178 2658 et
1202 2613 1528 2658 Lachmannus
1555 2615 1561 2669 1
1589 2617 1675 2657 202
1700 2613 1817 2655 nutu

129 2715 373 2771 Heinsius,
415 2716 493 2760 sed
532 2716 588 2770 cf.
637 2716 778 2761 VIII
814 2720 876 2763 82
906 2718 921 2772 ΙΙ
953 2721 1039 2761 205
1079 2716 1210 2761 iuuet
1240 2729 1346 2760 ecce
1378 2721 1410 2759 P
1440 2718 1456 2773 u
1487 2721 1572 2761 209
1611 2674 1818 2759 tfremunt

126 2778 160 2816 P
191 2775 206 2830 ΙΙ
236 2779 324 2819 210
364 2776 412 2818 et
452 2775 641 2818 aeterno
672 2777 741 2820 vel
771 2774 980 2819 aetherio
1012 2774 1248 2832 fulgentes
1281 2775 1639 2820 Friesemannus
1676 2776 1692 2831 ΙΙ
1731 2779 1816 2818 213

132 2835 350 2877 secuntur
380 2837 487 2877 PBc
524 2838 529 2887 Ι
564 2833 693 2878 facta
731 2836 985 2890 sequuntur
1019 2834 1324 2879 Burmannus
1345 2836 1361 2890 ΙΙ
1384 2839 1471 2878 214
1503 2832 1817 2877 exsaturabile

130 2895 200 2946 Pp
243 2891 363 2938 Golb.
396 2907 439 2935 m
471 2891 747 2937 exsatiabile
779 2894 961 2951 Anylic.
998 2893 1319 2949 exsuperabile
1350 2897 1438 2936 Bu
1469 2893 1568 2937 edd.
