2008 3198
201 183 274 237 66
377 184 381 195 ”
782 184 832 229 Ρ.
863 182 1091 228 PAPINII
1122 183 1314 228 STATII

201 304 358 357 Adde
397 303 572 357 fidem.
650 302 765 357 Vos
807 323 838 358 o
880 305 1081 375 superi,
1122 323 1272 358 meus
1313 305 1496 359 ordine
1536 306 1783 377 sanguiS,

198 378 284 433 Ne
322 395 566 447 pugnare
607 377 767 447 odiis,
806 396 910 431 neu
942 397 1028 431 me
1067 382 1335 448 temptare
1374 380 1640 448 precando
1799 394 1889 435 240

203 451 457 521 Certetis3
500 452 576 505 sic
616 451 753 504 Fata
792 452 926 504 mihi
964 453 1255 522 nigraeque
1298 451 1554 516 Sororum

201 525 457 579 Iuravere
498 526 674 578 colus:
714 529 898 578 manet
936 526 1069 580 haec
1108 527 1176 579 ab
1217 527 1427 596 origine
1467 528 1654 582 mundi

202 599 336 653 Fixa
370 600 483 653 dies
522 600 688 668 bello,
728 599 1024 669 populique
1064 601 1120 652 in
1160 600 1366 669 proelia
1404 602 1536 654 nati.

203 673 358 736 Quod
399 674 458 726 ni
496 692 581 726 me
621 678 863 726 veterum
902 692 1104 743 poenas
1147 675 1352 728 sancire
1393 675 1663 728 malorum

199 747 464 801 Gentibus
507 751 559 799 et
599 747 743 800 diros
785 747 964 801 sinitis
1002 748 1195 817 punire
1232 751 1456 817 nepotes
1803 762 1895 803 245

200 820 425 885 (Arcem
463 821 606 874 hanc
646 825 958 890 aeternam‚'
985 822 1162 891 gentis
1203 823 1441 875 sacraria
1477 825 1719 888 nostrae,

197 895 392 948 Testor
432 899 486 948 et
524 895 766 964 Elysios,
807 896 969 948 etiam
1009 896 1144 948 mihi
1181 897 1426 965 numina,
1465 896 1690 967 fontes),
1801 895 1805 899 ’

195 969 321 1037 Ipse
360 987 525 1022 manu
565 969 781 1022 Thebas
823 973 1175 1038 correptaque
1214 970 1428 1023 moenia
1467 970 1635 1023 fundo

195 1043 488 1096 Excutiam
525 1062 817 1112 versasque
857 1044 975 1096 solo
1017 1062 1177 1113 super
1214 1044 1416 1096 Inacha
1455 1046 1600 1097 tecta

196 1117 487 1170 Effundam
526 1119 704 1170 turres
747 1120 842 1169 aut
883 1121 1076 1187 stagna
1115 1118 1172 1169 in
1213 1119 1427 1171 caerula
1466 1136 1679 1171 verram
1799 1130 1893 1172 250

194 1190 375 1244 Imbre
415 1192 742 1260 superiect0‚
782 1191 911 1243 lieet
949 1193 1067 1260 ipsa
1105 1192 1160 1243 in
1198 1191 1416 1244 turbine
1454 1210 1635 1255 renum

190 1263 327 1318 Iuno
369 1283 495 1318 suos
538 1265 702 1318 colles
743 1265 1109 1334 templumque
1151 1265 1398 1335 amplexa
1436 1264 1681 1319 laboret?

191 1338 366 1409 Dixit,
408 1341 462 1391 et
500 1339 723 1392 attoniti
762 1340 944 1392 iussis:
985 1339 1240 1392 mortalia
1280 1340 1463 1392 credas

190 1412 443 1482 Pectora3
488 1413 564 1465 sic
605 1413 784 1466 cuncti
822 1431 1111 1483 vocemque
1153 1414 1469 1483 animosque
1508 1413 1782 1467 tenebant.

191 1486 319 1540 Non
360 1505 511 1540 secus
553 1505 613 1540 ac
653 1488 816 1556 longa
855 1490 1139 1540 ventorum
1179 1505 1310 1555 pace
1351 1488 1592 1540 solutum
1799 1499 1887 1541 255

195 1561 417 1630 Aequor
458 1564 511 1613 et
551 1561 758 1614 imbelli
797 1561 1058 1613 recubant
1096 1561 1190 1614 ubi
1228 1562 1393 1614 litora
1433 1580 1648 1630 somno,

194 1633 569 1703 Silvarumque
609 1653 789 1687 comas
831 1637 885 1687 et
924 1635 1116 1687 abacto
1157 1635 1375 1687 flamine
1414 1636 1584 1687 nubes

190 1707 394 1761 Mulcet
432 1709 575 1760 iners
617 1711 819 1777 aestas3
860 1710 988 1761 tune
1030 1712 1226 1776 stagna
1264 1710 1518 1777 lacusque
1558 1709 1742 1762 sonori

189 1781 543 1850 Detumuere,
581 1784 765 1835 tacent
805 1782 980 1834 exusti
1020 1782 1225 1835 solibus
1267 1800 1463 1834 amnes,

268 1855 480 1909 Gaudet
520 1873 686 1909 ovans
727 1856 889 1909 iussis
932 1859 986 1908 et
1027 1856 1199 1908 adhuc
1238 1858 1452 1909 temone
1494 1856 1693 1909 calenti
1793 1868 1883 1910 260

190 1929 233 1981 F
238 1930 449 1983 ervidus
490 1929 548 1982 in
587 1930 799 1983 laevum
839 1932 1058 1998 torquet
1099 1929 1363 1983 Gradivus
1403 1930 1658 1982 habenas,

191 2002 415 2074 Iamque
455 2003 558 2056 iter
598 2006 896 2056 extremum
939 2004 1179 2073 caelique
1221 2005 1452 2072 abrupta
1490 2004 1731 2073 tenebat,

194 2076 331 2130 Cum
370 2078 556 2131 Venus
599 2082 722 2131 ante
762 2079 911 2145 ipsos
953 2078 1107 2130 nulla
1147 2077 1435 2131 formidine
1474 2094 1723 2146 gressum

188 2150 336 2220 Figit
377 2170 565 2220 equos3
607 2170 813 2204 cessere
853 2155 998 2204 retro
1038 2152 1147 2204 iam
1187 2152 1399 2219 iamque
1438 2151 1677 2221 rigentes

305 2330 387 2370 241
418 2340 483 2380 sq.
523 2325 797 2381 ‘nigraeque
826 2352 876 2358 —
906 2326 1053 2370 colus’
1089 2325 1306 2369 Probus
1339 2325 1511 2369 cathol.
1544 2325 1565 2368 I
1595 2341 1638 2383 p.
1667 2330 1737 2382 24,
1771 2331 1796 2370 9
1822 2325 1876 2370 Κ.

190 2383 257 2428 cf.
294 2383 440 2428 Serv.
477 2384 537 2428 ad
568 2385 682 2428 Aen.
722 2385 824 2428 VIH
856 2390 956 2430 409.

303 2551 387 2590 242
419 2545 696 2590 Lustravere
730 2547 914 2592 Servius
943 2549 958 2604 ΙΙ
990 2552 1076 2591 244
1110 2546 1231 2600 Quid
1265 2562 1375 2600 epm
1405 2548 1419 2602 Η
1453 2552 1536 2592 246
1569 2546 1725 2604 gentis
1758 2560 1873 2593 corr.

180 2605 512 2650 Lachmannus
543 2605 713 2648 mentis
739 2608 863 2651 codd.
889 2608 904 2663 ΙΙ
929 2612 1015 2651 250
1040 2620 1222 2650 verram
1245 2611 1276 2648 P
1301 2607 1482 2650 vertam
1507 2608 1640 2651 ceteri
1662 2619 1874 2663 mergam

184 2665 499 2709 Marklandue
522 2666 537 2720 ΙΙ
561 2670 647 2708 254
673 2665 721 2707 di
747 2666 903 2709 cuncti
927 2666 1253 2711 Lachmannus
1276 2667 1292 2722 ΙΙ
1316 2670 1399 2709 257
1427 2665 1620 2709 abactas
1643 2670 1761 2708 PH.
1784 2678 1871 2709 nec

181 2724 372 2767 abactas
411 2724 722 2768 Baehrensius
745 2726 760 2780 ΙΙ
786 2730 870 2769 259
914 2724 1064 2768 exusti
1102 2730 1181 2767 PG
1221 2725 1436 2768 exhausti
1471 2724 1571 2779 G²g
1609 2722 1791 2768 exausti
1832 2725 1874 2781 (t

182 2782 335 2827 exusti
376 2785 434 2829 al.
479 2784 583 2827 stilo
613 2785 859 2841 suprascr.)
892 2784 1023 2829 Leid.
1059 2784 1294 2827 exhaustis
1325 2788 1391 2826 Bc
1424 2783 1576 2828 exacti
1614 2798 1641 2838 p
1672 2785 1687 2839 ΙΙ
1717 2796 1872 2828 versus

178 2846 431 2888 266--319
463 2844 515 2886 in
549 2842 691 2899 Pray.
725 2847 756 2888 2
791 2858 821 2886 α
844 2858 919 2899 pr.
952 2858 1008 2888 m.
1042 2844 1217 2896 desunt,
1248 2844 1325 2887 sed
1355 2844 1406 2887 in
1437 2844 1592 2897 foliolo
1622 2843 1767 2887 serius
1798 2843 1868 2886 in-

179 2906 297 2951 serto
329 2903 541 2959 Ieywntur
