2028 3190
31 0 94 73 ἑῆς,
155 7 168 13 «,

227 30 238 38 μ

0 188 32 350 ἰ
626 211 640 219 ·
718 195 1061 242 THEBAIDos
1093 195 1204 244 LIB.
1236 197 1291 242 X.
1746 198 1851 252 301

163 317 460 388 Corripuit:
498 318 707 388 primae
746 317 934 389 fugere
973 317 1031 370 in
1067 318 1256 372 nubila
1293 319 1512 389 cristae,

161 391 236 447 Et
274 391 434 461 clipei
471 393 630 463 niger
667 392 830 444 umbo
872 391 1037 461 cadit,
1075 392 1291 462 iamque
1330 394 1512 446 omnia
1550 394 1734 447 lucent

162 464 412 519 Membra
449 466 566 519 viri.
643 464 853 519 Cedunt
892 465 1057 534 acies,
1098 469 1152 519 et
1190 469 1368 521 terror
1404 468 1699 538 utrimque,
1765 482 1852 523 930

34 548 132 594 931
164 538 282 602 Quo
321 543 468 609 ruat,
508 539 718 593 ardenti
755 539 918 593 feriat
957 558 1089 608 quas
1130 558 1353 610 corpore
1391 539 1614 594 turmas,

26 623 134 669 ,935
163 611 286 667 Stat
321 616 529 679 tamen,
568 616 972 683 extremumque
1010 614 1069 666 in
1108 613 1284 667 sidera
1322 633 1509 669 versus
1550 615 1792 685 anhelat,

37 686 42 690 ’
163 687 498 756 Pectoraque
538 687 725 741 invisis
766 686 934 740 obicit
971 686 1240 741 fumantia
1277 689 1469 758 muris,

163 760 248 814 Ne
287 761 524 815 caderet:
565 761 659 815 sed
696 761 941 814 membra
979 761 1154 815 virum
1191 764 1409 816 terrena
1445 763 1774 834 relinquunt,

163 833 503 905 Exuiturque
545 836 777 905 animus3
820 835 1046 903 paulum
1086 835 1133 888 si
1169 835 1378 890 tardius
1420 840 1570 890 artus
1766 851 1852 892 935

164 906 494 978 Cessissent,
531 910 712 979 potuit
749 909 957 963 fulmen
996 927 1215 978 sperare
1255 911 1562 966 secundum.

7 1066 9 1070 ’
37 1057 135 1103 932
166 1053 297 1098 Intra
327 1067 376 1098 se
409 1054 605 1099 stridere
635 1054 788 1098 facem
819 1055 1096 1112 galeamque
1129 1068 1378 1112 comasque

6 1119 8 1130 ¹
36 1116 132 1166 033
165 1111 380 1169 Quaerit,
414 1114 462 1157 et
491 1114 705 1158 urentem
734 1114 932 1158 thoraca
961 1114 1188 1171 repellere
1221 1115 1386 1160 dextra

26 1171 134 1495 '34
167 1170 372 1216 Conatus
404 1171 518 1216 ferri
550 1171 754 1218 cinerem
785 1173 871 1218 sub
906 1175 1099 1231 pectore
1130 1174 1320 1220 tractat.

280 1310 365 1350 931
398 1319 552 1351 versus
582 1307 701 1351 deest
730 1308 784 1350 iu
816 1306 936 1352 Oolb.
967 1309 972 1362 Ι
999 1308 1108 1350 ruat
1140 1307 1188 1351 et
1217 1312 1250 1349 P
1273 1308 1288 1363 ΙΙ
1320 1309 1387 1352 Iu
1416 1313 1449 1351 P
1480 1323 1547 1355 vv.
1582 1314 1667 1355 931
1695 1315 1736 1355 et
1767 1315 1853 1355 932

162 1364 282 1409 inter
326 1377 373 1409 se
418 1366 688 1422 trwnspositi
726 1366 960 1422 leyuntwr,
1006 1368 1113 1410 item
1150 1367 1203 1410 in
1243 1370 1278 1409 G
1315 1372 1358 1412 et
1399 1367 1542 1426 Pray.
1582 1371 1655 1427 211
1688 1369 1855 1415 Versus

162 1425 432 1479 932—934,
471 1426 553 1480 qui
588 1425 641 1468 in
671 1423 883 1478 PG²bgo
912 1425 1025 1469 Beh.
1058 1429 1091 1470 2
1130 1424 1258 1471 Dom.
1294 1425 1450 1471 Petav.
1487 1429 1629 1485 Pray.
1664 1432 1691 1473 1
1722 1429 1856 1486 Isips.

42 1496 52 1529 3
161 1482 339 1536 desumt,
371 1483 583 1541 leyumtwr
613 1483 666 1527 iu
688 1487 720 1525 B
754 1484 822 1540 (iu
851 1496 1022 1528 summo
1051 1497 1196 1542 mary.
1222 1485 1462 1542 adscripti)
1488 1492 1514 1530 8
1539 1488 1676 1543 (iuter
1709 1489 1855 1534 lineas

25 1583 31 1591 ,
71 1572 73 1574 ·
162 1541 330 1597 additi)
361 1557 386 1584 r
417 1543 519 1597 (rec.
550 1556 607 1587 m.
641 1543 881 1600 adscriptz)
912 1547 986 1597 pn
1018 1542 1139 1589 Golb.
1176 1543 1331 1588 Paris.
1365 1548 1490 1591 8053
1521 1550 1599 1589 TG
1630 1547 1769 1604 Pray.
1803 1552 1854 1604 2,

30 1598 49 1643 ἶ
162 1613 263 1644 cum
300 1600 448 1657 inepti
483 1602 578 1647 sint
615 1606 656 1646 et
693 1602 762 1646 vel
799 1601 942 1647 Statii
978 1603 1162 1659 inqenio
1192 1603 1398 1659 indigui,
1440 1606 1664 1651 eiciendos
1686 1608 1857 1664 putavi

160 1660 364 1704 numeris
407 1661 730 1706 versiculorum
775 1663 976 1706 mutatis.
1048 1662 1115 1705 Iu
1153 1666 1228 1716 »Β
1267 1661 1388 1708 Oolb.
1433 1665 1588 1711 Paris.
1630 1668 1756 1711 8053
1787 1667 1855 1711 ita

160 1718 284 1763 iuter
319 1731 366 1764 se
402 1720 659 1777 excipimtt,
697 1724 751 1765 ut
789 1721 899 1766 ordo
936 1721 998 1765 sit
1027 1723 1131 1766 930.
1164 1725 1273 1767 932.
1313 1726 1419 1769 933.
1460 1727 1563 1769 934.
1603 1727 1707 1770 931.
1748 1728 1854 1771 935.

163 1776 232 1821 Iu
265 1777 420 1823 Paris.
453 1783 577 1824 8053
608 1793 648 1824 v.
681 1780 763 1836 qui
791 1780 925 1837 vulqo
956 1784 1225 1825 numeratur
1257 1785 1348 1827 934
1379 1784 1508 1828 deest.
1535 1785 1550 1838 ΙΙ
1574 1788 1659 1828 932
1692 1797 1853 1828 versus

163 1834 382 1880 adhaesit
404 1841 437 1879 P
459 1839 475 1895 fl
498 1842 584 1882 935
617 1838 822 1882 animam
851 1852 873 1883 e
902 1840 1037 1884 schol.
1068 1839 1356 1886 seribendum
1379 1856 1491 1887 cens.
1518 1842 1823 1888 Burmannus
1845 1844 1849 1902 Ι

162 1938 354 1996 paulum
394 1954 420 1983 o
461 1940 500 1984 si
537 1945 612 1984 ΒΤ
646 1942 662 1998 ΙΙ
696 1945 782 1986 936
822 1898 1095 2001 Hgsizls'eiivt
1116 1943 1173 1986 (3²
1199 1945 1207 2000 Ι
1235 1957 1421 2001 sperare
1453 1949 1530 1987 PG
1564 1944 1684 1991 Golb.
1719 1959 1853 2004 spare

167 2013 309 2071 Pray.
350 2017 382 2059 2
421 2014 646 2060 meruisse
685 2016 879 2061 36:⁹81
909 2018 923 2074 ΙΙ
956 2016 1154 2061 STATII
1183 2016 1378 2062 POETE
1411 2009 1587 2062 THE&
1602 2054 1611 2064 .
1636 2018 1816 2064 LIBER
1843 2041 1855 2054 ·

164 2071 207 2115 X
233 2096 242 2107 ·
267 2077 300 2115 Ρ
322 2087 400 2130 pr.
432 2088 506 2130 m.,
539 2076 599 2119 al.
631 2089 687 2120 m.
722 2077 832 2130 add„
861 2075 1136 2123 EXPLICIT
1166 2076 1389 2121 INCIPIT
1420 2077 1600 2122 LIBER
1633 2077 1710 2123 XI.
