<?xml version="1.0" encoding="UTF-8"?>
<!DOCTYPE html PUBLIC "-//W3C//DTD XHTML 1.0 Transitional//EN"
    "http://www.w3.org/TR/xhtml1/DTD/xhtml1-transitional.dtd">
<html xmlns="http://www.w3.org/1999/xhtml" xml:lang="en" lang="en">
 <head>
  <title>
</title>
<meta http-equiv="Content-Type" content="text/html;charset=utf-8" />
  <meta name='ocr-system' content='tesseract 3.04.00' />
  <meta name='ocr-capabilities' content='ocr_page ocr_carea ocr_par ocr_line ocrx_word'/>
</head>
<body>
  <div class='ocr_page' id='page_1' title='image "./operapapinius212statuoft_0175.png"; bbox 0 0 2008 3198; ppageno 0'>
   <div class='ocr_carea' id='block_1_1' title="bbox 0 2279 64 3198">
    <p class='ocr_par' dir='ltr' id='par_1_1' title="bbox 0 2279 64 3198">
     <span class='ocr_line' id='line_1_1' title="bbox 0 2279 64 3198; textangle 90"><span class='ocrx_word' id='word_1_1' title='bbox 0 2391 64 3198; x_wconf 50' lang='lat' dir='ltr'>Ww‘emww</span> <span class='ocrx_word' id='word_1_2' title='bbox 0 2312 26 2383; x_wconf 49' lang='grc' dir='ltr'>ψ</span> <span class='ocrx_word' id='word_1_3' title='bbox 0 2279 22 2300; x_wconf 76' lang='grc'>,-</span> 
     </span>
    </p>
   </div>
   <div class='ocr_carea' id='block_1_2' title="bbox 706 154 1848 211">
    <p class='ocr_par' dir='ltr' id='par_1_2' title="bbox 706 154 1848 211">
     <span class='ocr_line' id='line_1_2' title="bbox 706 154 1848 211; baseline 0 -11"><span class='ocrx_word' id='word_1_4' title='bbox 706 154 1048 200; x_wconf 79' lang='lat' dir='ltr'>THEBAmos</span> <span class='ocrx_word' id='word_1_5' title='bbox 1079 156 1188 202; x_wconf 77' lang='lat' dir='ltr'>Lm.</span> <span class='ocrx_word' id='word_1_6' title='bbox 1222 156 1298 201; x_wconf 88' lang='lat' dir='ltr'>IV.</span> <span class='ocrx_word' id='word_1_7' title='bbox 1778 158 1848 211; x_wconf 83' lang='lat'>87</span> 
     </span>
    </p>
   </div>
   <div class='ocr_carea' id='block_1_3' title="bbox 161 274 1456 348">
    <p class='ocr_par' dir='ltr' id='par_1_3' title="bbox 161 274 1456 348">
     <span class='ocr_line' id='line_1_3' title="bbox 161 274 1456 348; baseline 0 -18"><span class='ocrx_word' id='word_1_8' title='bbox 161 274 391 331; x_wconf 89' lang='lat' dir='ltr'>Adsueti</span> <span class='ocrx_word' id='word_1_9' title='bbox 429 295 703 347; x_wconf 82' lang='lat' dir='ltr'>vacuoque</span> <span class='ocrx_word' id='word_1_10' title='bbox 742 277 880 331; x_wconf 89' lang='lat' dir='ltr'>diem</span> <span class='ocrx_word' id='word_1_11' title='bbox 921 278 1268 347; x_wconf 81' lang='lat' dir='ltr'>praecingere</span> <span class='ocrx_word' id='word_1_12' title='bbox 1307 294 1456 348; x_wconf 82' lang='lat' dir='ltr'>gyro.</span> 
     </span>
    </p>
   </div>
   <div class='ocr_carea' id='block_1_4' title="bbox 94 349 1638 427">
    <p class='ocr_par' dir='ltr' id='par_1_4' title="bbox 94 349 1638 427">
     <span class='ocr_line' id='line_1_4' title="bbox 94 349 1638 427; baseline 0.001 -24"><span class='ocrx_word' id='word_1_13' title='bbox 94 404 104 415; x_wconf 54' lang='grc'>,</span> <span class='ocrx_word' id='word_1_14' title='bbox 163 349 288 419; x_wconf 90' lang='lat' dir='ltr'>Ipse</span> <span class='ocrx_word' id='word_1_15' title='bbox 328 351 483 404; x_wconf 89' lang='lat' dir='ltr'>annis</span> <span class='ocrx_word' id='word_1_16' title='bbox 524 351 857 420; x_wconf 79' lang='lat' dir='ltr'>sceptrisque</span> <span class='ocrx_word' id='word_1_17' title='bbox 897 352 1044 404; x_wconf 91' lang='lat' dir='ltr'>subit</span> <span class='ocrx_word' id='word_1_18' title='bbox 1081 351 1406 405; x_wconf 84' lang='lat' dir='ltr'>venerabilis</span> <span class='ocrx_word' id='word_1_19' title='bbox 1448 369 1638 427; x_wconf 85' lang='lat' dir='ltr'>aeque:</span> 
     </span>
    </p>
   </div>
   <div class='ocr_carea' id='block_1_5' title="bbox 153 421 1848 2404">
    <p class='ocr_par' dir='ltr' id='par_1_5' title="bbox 153 421 1848 2404">
     <span class='ocr_line' id='line_1_5' title="bbox 161 421 1476 494; baseline 0.001 -17"><span class='ocrx_word' id='word_1_20' title='bbox 161 421 239 477; x_wconf 90' lang='lat' dir='ltr'>Ut</span> <span class='ocrx_word' id='word_1_21' title='bbox 275 441 527 494; x_wconf 87' lang='lat' dir='ltr'>possessa</span> <span class='ocrx_word' id='word_1_22' title='bbox 565 425 655 477; x_wconf 93' lang='lat' dir='ltr'>diu</span> <span class='ocrx_word' id='word_1_23' title='bbox 693 427 879 478; x_wconf 88' lang='lat' dir='ltr'>taurus</span> <span class='ocrx_word' id='word_1_24' title='bbox 918 428 1064 478; x_wconf 89' lang='lat' dir='ltr'>meat</span> <span class='ocrx_word' id='word_1_25' title='bbox 1103 425 1297 478; x_wconf 89' lang='lat' dir='ltr'>arduus</span> <span class='ocrx_word' id='word_1_26' title='bbox 1337 425 1476 478; x_wconf 88' lang='lat' dir='ltr'>inter</span> 
     </span>
     <span class='ocr_line' id='line_1_6' title="bbox 162 495 1848 568; baseline 0.002 -18"><span class='ocrx_word' id='word_1_27' title='bbox 162 495 371 551; x_wconf 87' lang='lat' dir='ltr'>Pascua</span> <span class='ocrx_word' id='word_1_28' title='bbox 408 498 518 551; x_wconf 88' lang='lat' dir='ltr'>iam</span> <span class='ocrx_word' id='word_1_29' title='bbox 557 499 682 551; x_wconf 88' lang='lat' dir='ltr'>laxa</span> <span class='ocrx_word' id='word_1_30' title='bbox 719 498 924 552; x_wconf 84' lang='lat' dir='ltr'>cervice</span> <span class='ocrx_word' id='word_1_31' title='bbox 965 501 1019 552; x_wconf 88' lang='lat' dir='ltr'>et</span> <span class='ocrx_word' id='word_1_32' title='bbox 1056 499 1306 552; x_wconf 89' lang='lat' dir='ltr'>inanibus</span> <span class='ocrx_word' id='word_1_33' title='bbox 1347 499 1535 568; x_wconf 87' lang='lat' dir='ltr'>armis,</span> <span class='ocrx_word' id='word_1_34' title='bbox 1792 512 1848 554; x_wconf 78' lang='lat'>70</span> 
     </span>
     <span class='ocr_line' id='line_1_7' title="bbox 161 569 1720 641; baseline 0.001 -17"><span class='ocrx_word' id='word_1_35' title='bbox 161 569 286 624; x_wconf 83' lang='lat' dir='ltr'>Dux</span> <span class='ocrx_word' id='word_1_36' title='bbox 323 575 527 625; x_wconf 87' lang='lat' dir='ltr'>tamen:</span> <span class='ocrx_word' id='word_1_37' title='bbox 566 572 701 625; x_wconf 91' lang='lat' dir='ltr'>haut</span> <span class='ocrx_word' id='word_1_38' title='bbox 738 572 894 626; x_wconf 90' lang='lat' dir='ltr'>illum</span> <span class='ocrx_word' id='word_1_39' title='bbox 932 572 1075 625; x_wconf 91' lang='lat' dir='ltr'>bello</span> <span class='ocrx_word' id='word_1_40' title='bbox 1116 575 1441 641; x_wconf 75' lang='lat' dir='ltr'>attemptare</span> <span class='ocrx_word' id='word_1_41' title='bbox 1480 573 1720 626; x_wconf 86' lang='lat' dir='ltr'>iuvencis</span> 
     </span>
     <span class='ocr_line' id='line_1_8' title="bbox 165 642 1720 715; baseline 0.002 -18"><span class='ocrx_word' id='word_1_42' title='bbox 165 642 304 698; x_wconf 82' lang='lat' dir='ltr'>Sunt</span> <span class='ocrx_word' id='word_1_43' title='bbox 345 645 531 715; x_wconf 83' lang='lat' dir='ltr'>animi3</span> <span class='ocrx_word' id='word_1_44' title='bbox 571 664 698 699; x_wconf 89' lang='lat' dir='ltr'>nam</span> <span class='ocrx_word' id='word_1_45' title='bbox 735 647 929 698; x_wconf 88' lang='lat' dir='ltr'>trunca</span> <span class='ocrx_word' id='word_1_46' title='bbox 966 645 1154 698; x_wconf 88' lang='lat' dir='ltr'>vident</span> <span class='ocrx_word' id='word_1_47' title='bbox 1193 646 1256 698; x_wconf 93' lang='lat' dir='ltr'>de</span> <span class='ocrx_word' id='word_1_48' title='bbox 1295 647 1513 699; x_wconf 85' lang='lat' dir='ltr'>vulnere</span> <span class='ocrx_word' id='word_1_49' title='bbox 1551 647 1720 700; x_wconf 90' lang='lat' dir='ltr'>multo</span> 
     </span>
     <span class='ocr_line' id='line_1_9' title="bbox 164 715 1654 789; baseline 0.001 -18"><span class='ocrx_word' id='word_1_50' title='bbox 164 715 380 772; x_wconf 85' lang='lat' dir='ltr'>Cornua</span> <span class='ocrx_word' id='word_1_51' title='bbox 420 722 475 771; x_wconf 91' lang='lat' dir='ltr'>et</span> <span class='ocrx_word' id='word_1_52' title='bbox 511 719 758 789; x_wconf 85' lang='lat' dir='ltr'>ingentes</span> <span class='ocrx_word' id='word_1_53' title='bbox 796 719 1083 788; x_wconf 88' lang='lat' dir='ltr'>plagarum</span> <span class='ocrx_word' id='word_1_54' title='bbox 1120 720 1178 772; x_wconf 91' lang='lat' dir='ltr'>in</span> <span class='ocrx_word' id='word_1_55' title='bbox 1214 723 1430 788; x_wconf 79' lang='lat' dir='ltr'>pectore</span> <span class='ocrx_word' id='word_1_56' title='bbox 1469 719 1654 773; x_wconf 77' lang='lat' dir='ltr'>nodos·</span> 
     </span>
     <span class='ocr_line' id='line_1_10' title="bbox 236 791 1608 862; baseline 0.002 -18"><span class='ocrx_word' id='word_1_57' title='bbox 236 791 492 845; x_wconf 88' lang='lat' dir='ltr'>Proxima</span> <span class='ocrx_word' id='word_1_58' title='bbox 529 793 794 862; x_wconf 84' lang='lat' dir='ltr'>longaevo</span> <span class='ocrx_word' id='word_1_59' title='bbox 833 792 1042 861; x_wconf 86' lang='lat' dir='ltr'>profert</span> <span class='ocrx_word' id='word_1_60' title='bbox 1079 791 1337 846; x_wconf 85' lang='lat' dir='ltr'>Dircaeus</span> <span class='ocrx_word' id='word_1_61' title='bbox 1369 792 1608 847; x_wconf 86' lang='lat' dir='ltr'>Adrasto</span> 
     </span>
     <span class='ocr_line' id='line_1_11' title="bbox 164 861 1847 935; baseline 0.002 -18"><span class='ocrx_word' id='word_1_62' title='bbox 164 861 331 935; x_wconf 84' lang='lat' dir='ltr'>Signa</span> <span class='ocrx_word' id='word_1_63' title='bbox 369 881 554 935; x_wconf 90' lang='lat' dir='ltr'>gener,</span> <span class='ocrx_word' id='word_1_64' title='bbox 594 867 681 919; x_wconf 89' lang='lat' dir='ltr'>cui</span> <span class='ocrx_word' id='word_1_65' title='bbox 720 866 863 919; x_wconf 86' lang='lat' dir='ltr'>bella</span> <span class='ocrx_word' id='word_1_66' title='bbox 902 866 1112 935; x_wconf 86' lang='lat' dir='ltr'>favent,</span> <span class='ocrx_word' id='word_1_67' title='bbox 1151 867 1238 920; x_wconf 84' lang='lat' dir='ltr'>cui</span> <span class='ocrx_word' id='word_1_68' title='bbox 1276 867 1583 920; x_wconf 85' lang='lat' dir='ltr'>commodat</span> <span class='ocrx_word' id='word_1_69' title='bbox 1620 868 1729 921; x_wconf 90' lang='lat' dir='ltr'>iras</span> <span class='ocrx_word' id='word_1_70' title='bbox 1793 879 1847 921; x_wconf 83' lang='lat'>75</span> 
     </span>
     <span class='ocr_line' id='line_1_12' title="bbox 163 936 1648 1010; baseline 0.001 -18"><span class='ocrx_word' id='word_1_71' title='bbox 163 936 371 992; x_wconf 83' lang='lat' dir='ltr'>Cuncta</span> <span class='ocrx_word' id='word_1_72' title='bbox 409 940 623 993; x_wconf 86' lang='lat' dir='ltr'>cohors:</span> <span class='ocrx_word' id='word_1_73' title='bbox 663 939 787 993; x_wconf 90' lang='lat' dir='ltr'>huic</span> <span class='ocrx_word' id='word_1_74' title='bbox 827 943 881 992; x_wconf 94' lang='lat' dir='ltr'>et</span> <span class='ocrx_word' id='word_1_75' title='bbox 918 941 1097 1010; x_wconf 89' lang='lat' dir='ltr'>patria</span> <span class='ocrx_word' id='word_1_76' title='bbox 1135 941 1200 994; x_wconf 93' lang='lat' dir='ltr'>de</span> <span class='ocrx_word' id='word_1_77' title='bbox 1241 940 1365 994; x_wconf 91' lang='lat' dir='ltr'>sede</span> <span class='ocrx_word' id='word_1_78' title='bbox 1404 941 1648 994; x_wconf 84' lang='lat' dir='ltr'>volentes</span> 
     </span>
     <span class='ocr_line' id='line_1_13' title="bbox 159 1009 1611 1082; baseline 0.003 -18"><span class='ocrx_word' id='word_1_79' title='bbox 159 1009 440 1066; x_wconf 83' lang='lat' dir='ltr'>Advenere</span> <span class='ocrx_word' id='word_1_80' title='bbox 480 1013 606 1082; x_wconf 86' lang='lat' dir='ltr'>viri,</span> <span class='ocrx_word' id='word_1_81' title='bbox 648 1031 743 1067; x_wconf 93' lang='lat' dir='ltr'>seu</span> <span class='ocrx_word' id='word_1_82' title='bbox 784 1031 918 1082; x_wconf 91' lang='lat' dir='ltr'>quos</span> <span class='ocrx_word' id='word_1_83' title='bbox 958 1017 1140 1067; x_wconf 80' lang='lat' dir='ltr'>movet</span> <span class='ocrx_word' id='word_1_84' title='bbox 1178 1014 1301 1068; x_wconf 85' lang='lat' dir='ltr'>exul</span> <span class='ocrx_word' id='word_1_85' title='bbox 1342 1017 1395 1067; x_wconf 91' lang='lat' dir='ltr'>et</span> <span class='ocrx_word' id='word_1_86' title='bbox 1432 1014 1611 1068; x_wconf 88' lang='lat' dir='ltr'>haesit</span> 
     </span>
     <span class='ocr_line' id='line_1_14' title="bbox 161 1084 1660 1157; baseline 0.003 -19"><span class='ocrx_word' id='word_1_87' title='bbox 161 1084 434 1140; x_wconf 87' lang='lat' dir='ltr'>Tristibus</span> <span class='ocrx_word' id='word_1_88' title='bbox 475 1090 635 1140; x_wconf 91' lang='lat' dir='ltr'>aucta</span> <span class='ocrx_word' id='word_1_89' title='bbox 672 1087 824 1156; x_wconf 88' lang='lat' dir='ltr'>fides,</span> <span class='ocrx_word' id='word_1_90' title='bbox 865 1106 959 1140; x_wconf 93' lang='lat' dir='ltr'>seu</span> <span class='ocrx_word' id='word_1_91' title='bbox 1000 1088 1119 1157; x_wconf 92' lang='lat' dir='ltr'>quis</span> <span class='ocrx_word' id='word_1_92' title='bbox 1160 1090 1370 1141; x_wconf 90' lang='lat' dir='ltr'>mutare</span> <span class='ocrx_word' id='word_1_93' title='bbox 1408 1091 1660 1157; x_wconf 92' lang='lat' dir='ltr'>potentes</span> 
     </span>
     <span class='ocr_line' id='line_1_15' title="bbox 158 1156 1653 1231; baseline 0.003 -20"><span class='ocrx_word' id='word_1_94' title='bbox 158 1156 536 1229; x_wconf 88' lang='lat' dir='ltr'>Praecipuum,</span> <span class='ocrx_word' id='word_1_95' title='bbox 575 1161 758 1230; x_wconf 90' lang='lat' dir='ltr'>multi,</span> <span class='ocrx_word' id='word_1_96' title='bbox 797 1162 988 1218; x_wconf 89' lang='lat' dir='ltr'>melior</span> <span class='ocrx_word' id='word_1_97' title='bbox 1028 1179 1161 1231; x_wconf 92' lang='lat' dir='ltr'>quos</span> <span class='ocrx_word' id='word_1_98' title='bbox 1202 1179 1363 1215; x_wconf 91' lang='lat' dir='ltr'>causa</span> <span class='ocrx_word' id='word_1_99' title='bbox 1403 1162 1653 1231; x_wconf 89' lang='lat' dir='ltr'>querenti</span> 
     </span>
     <span class='ocr_line' id='line_1_16' title="bbox 158 1228 1846 1306; baseline 0.004 -20"><span class='ocrx_word' id='word_1_100' title='bbox 158 1228 447 1302; x_wconf 81' lang='lat' dir='ltr'>Conciliat3</span> <span class='ocrx_word' id='word_1_101' title='bbox 489 1234 707 1288; x_wconf 88' lang='lat' dir='ltr'>dederat</span> <span class='ocrx_word' id='word_1_102' title='bbox 743 1253 841 1288; x_wconf 87' lang='lat' dir='ltr'>nec</span> <span class='ocrx_word' id='word_1_103' title='bbox 879 1253 988 1288; x_wconf 91' lang='lat' dir='ltr'>non</span> <span class='ocrx_word' id='word_1_104' title='bbox 1029 1253 1180 1289; x_wconf 86' lang='lat' dir='ltr'>socer</span> <span class='ocrx_word' id='word_1_105' title='bbox 1218 1236 1334 1304; x_wconf 90' lang='lat' dir='ltr'>ipse</span> <span class='ocrx_word' id='word_1_106' title='bbox 1373 1236 1635 1306; x_wconf 87' lang='lat' dir='ltr'>regendas</span> <span class='ocrx_word' id='word_1_107' title='bbox 1789 1251 1846 1292; x_wconf 90' lang='lat'>80</span> 
     </span>
     <span class='ocr_line' id='line_1_17' title="bbox 158 1304 1575 1378; baseline 0.004 -20"><span class='ocrx_word' id='word_1_108' title='bbox 158 1304 374 1377; x_wconf 85' lang='lat' dir='ltr'>Aegion</span> <span class='ocrx_word' id='word_1_109' title='bbox 411 1307 752 1378; x_wconf 90' lang='lat' dir='ltr'>Arenenque,</span> <span class='ocrx_word' id='word_1_110' title='bbox 796 1313 850 1362; x_wconf 94' lang='lat' dir='ltr'>et</span> <span class='ocrx_word' id='word_1_111' title='bbox 890 1327 1025 1378; x_wconf 89' lang='lat' dir='ltr'>quas</span> <span class='ocrx_word' id='word_1_112' title='bbox 1065 1308 1295 1362; x_wconf 85' lang='lat' dir='ltr'>Theseia</span> <span class='ocrx_word' id='word_1_113' title='bbox 1335 1308 1575 1363; x_wconf 87' lang='lat' dir='ltr'>Troezen</span> 
     </span>
     <span class='ocr_line' id='line_1_18' title="bbox 157 1377 1496 1452; baseline 0.002 -20"><span class='ocrx_word' id='word_1_114' title='bbox 157 1377 327 1444; x_wconf 89' lang='lat' dir='ltr'>Addit</span> <span class='ocrx_word' id='word_1_115' title='bbox 365 1398 515 1449; x_wconf 90' lang='lat' dir='ltr'>opes,</span> <span class='ocrx_word' id='word_1_116' title='bbox 554 1400 620 1434; x_wconf 91' lang='lat' dir='ltr'>ne</span> <span class='ocrx_word' id='word_1_117' title='bbox 659 1400 784 1434; x_wconf 90' lang='lat' dir='ltr'>rara</span> <span class='ocrx_word' id='word_1_118' title='bbox 822 1399 1044 1435; x_wconf 86' lang='lat' dir='ltr'>movens</span> <span class='ocrx_word' id='word_1_119' title='bbox 1084 1383 1350 1452; x_wconf 89' lang='lat' dir='ltr'>inglorius</span> <span class='ocrx_word' id='word_1_120' title='bbox 1390 1383 1496 1436; x_wconf 86' lang='lat' dir='ltr'>iret</span> 
     </span>
     <span class='ocr_line' id='line_1_19' title="bbox 157 1450 1581 1524; baseline 0.004 -21"><span class='ocrx_word' id='word_1_121' title='bbox 157 1450 416 1522; x_wconf 87' lang='lat' dir='ltr'>Agmina,</span> <span class='ocrx_word' id='word_1_122' title='bbox 454 1472 559 1507; x_wconf 91' lang='lat' dir='ltr'>neu</span> <span class='ocrx_word' id='word_1_123' title='bbox 596 1458 783 1523; x_wconf 88' lang='lat' dir='ltr'>raptos</span> <span class='ocrx_word' id='word_1_124' title='bbox 822 1455 1031 1524; x_wconf 89' lang='lat' dir='ltr'>patriae</span> <span class='ocrx_word' id='word_1_125' title='bbox 1071 1456 1295 1508; x_wconf 92' lang='lat' dir='ltr'>sentiret</span> <span class='ocrx_word' id='word_1_126' title='bbox 1332 1456 1581 1510; x_wconf 87' lang='lat' dir='ltr'>honores.</span> 
     </span>
     <span class='ocr_line' id='line_1_20' title="bbox 157 1522 1843 1600; baseline 0.004 -22"><span class='ocrx_word' id='word_1_127' title='bbox 157 1522 307 1579; x_wconf 91' lang='lat' dir='ltr'>Idem</span> <span class='ocrx_word' id='word_1_128' title='bbox 346 1526 588 1597; x_wconf 77' lang='lat' dir='ltr'>habitus,</span> <span class='ocrx_word' id='word_1_129' title='bbox 627 1528 815 1581; x_wconf 90' lang='lat' dir='ltr'>eadem</span> <span class='ocrx_word' id='word_1_130' title='bbox 857 1547 1008 1582; x_wconf 88' lang='lat' dir='ltr'>arma</span> <span class='ocrx_word' id='word_1_131' title='bbox 1046 1529 1185 1598; x_wconf 86' lang='lat' dir='ltr'>viro,</span> <span class='ocrx_word' id='word_1_132' title='bbox 1226 1548 1361 1599; x_wconf 89' lang='lat' dir='ltr'>quae</span> <span class='ocrx_word' id='word_1_133' title='bbox 1399 1529 1612 1583; x_wconf 90' lang='lat' dir='ltr'>debitus</span> <span class='ocrx_word' id='word_1_134' title='bbox 1644 1530 1843 1600; x_wconf 89' lang='lat' dir='ltr'>hospes</span> 
     </span>
     <span class='ocr_line' id='line_1_21' title="bbox 156 1597 1844 1672; baseline 0.004 -21"><span class='ocrx_word' id='word_1_135' title='bbox 156 1597 402 1652; x_wconf 89' lang='lat' dir='ltr'>Hiberna</span> <span class='ocrx_word' id='word_1_136' title='bbox 441 1601 540 1654; x_wconf 90' lang='lat' dir='ltr'>sub</span> <span class='ocrx_word' id='word_1_137' title='bbox 579 1604 734 1654; x_wconf 91' lang='lat' dir='ltr'>nocte</span> <span class='ocrx_word' id='word_1_138' title='bbox 774 1602 926 1655; x_wconf 91' lang='lat' dir='ltr'>tulit:</span> <span class='ocrx_word' id='word_1_139' title='bbox 965 1602 1280 1656; x_wconf 90' lang='lat' dir='ltr'>Teumesius</span> <span class='ocrx_word' id='word_1_140' title='bbox 1319 1603 1514 1672; x_wconf 89' lang='lat' dir='ltr'>implet</span> <span class='ocrx_word' id='word_1_141' title='bbox 1787 1617 1844 1659; x_wconf 86' lang='lat'>85</span> 
     </span>
     <span class='ocr_line' id='line_1_22' title="bbox 157 1670 1490 1746; baseline 0.005 -22"><span class='ocrx_word' id='word_1_142' title='bbox 157 1670 336 1743; x_wconf 88' lang='lat' dir='ltr'>Terga</span> <span class='ocrx_word' id='word_1_143' title='bbox 374 1674 459 1727; x_wconf 91' lang='lat' dir='ltr'>leo</span> <span class='ocrx_word' id='word_1_144' title='bbox 500 1677 555 1727; x_wconf 93' lang='lat' dir='ltr'>et</span> <span class='ocrx_word' id='word_1_145' title='bbox 592 1676 809 1745; x_wconf 89' lang='lat' dir='ltr'>gemino</span> <span class='ocrx_word' id='word_1_146' title='bbox 849 1677 1029 1729; x_wconf 89' lang='lat' dir='ltr'>lucent</span> <span class='ocrx_word' id='word_1_147' title='bbox 1065 1675 1286 1729; x_wconf 90' lang='lat' dir='ltr'>hastilia</span> <span class='ocrx_word' id='word_1_148' title='bbox 1323 1675 1490 1746; x_wconf 79' lang='lat' dir='ltr'>ferm,</span> 
     </span>
     <span class='ocr_line' id='line_1_23' title="bbox 158 1743 1676 1821; baseline 0.004 -23"><span class='ocrx_word' id='word_1_149' title='bbox 158 1743 370 1814; x_wconf 86' lang='lat' dir='ltr'>Aspera</span> <span class='ocrx_word' id='word_1_150' title='bbox 410 1748 662 1802; x_wconf 90' lang='lat' dir='ltr'>vulnifico</span> <span class='ocrx_word' id='word_1_151' title='bbox 697 1749 884 1802; x_wconf 90' lang='lat' dir='ltr'>subter</span> <span class='ocrx_word' id='word_1_152' title='bbox 921 1750 1063 1803; x_wconf 89' lang='lat' dir='ltr'>latus</span> <span class='ocrx_word' id='word_1_153' title='bbox 1104 1768 1230 1804; x_wconf 90' lang='lat' dir='ltr'>ense</span> <span class='ocrx_word' id='word_1_154' title='bbox 1268 1749 1412 1821; x_wconf 89' lang='lat' dir='ltr'>riget</span> <span class='ocrx_word' id='word_1_155' title='bbox 1451 1749 1676 1820; x_wconf 59' lang='lat' dir='ltr'>Sphinx</span> 
     </span>
     <span class='ocr_line' id='line_1_24' title="bbox 160 1816 1594 1893; baseline 0.005 -23"><span class='ocrx_word' id='word_1_156' title='bbox 160 1816 277 1871; x_wconf 86' lang='lat' dir='ltr'>Iam</span> <span class='ocrx_word' id='word_1_157' title='bbox 314 1837 542 1889; x_wconf 89' lang='lat' dir='ltr'>regnum</span> <span class='ocrx_word' id='word_1_158' title='bbox 580 1823 876 1892; x_wconf 87' lang='lat' dir='ltr'>matrisque</span> <span class='ocrx_word' id='word_1_159' title='bbox 915 1823 1063 1876; x_wconf 92' lang='lat' dir='ltr'>sinus</span> <span class='ocrx_word' id='word_1_160' title='bbox 1103 1824 1341 1893; x_wconf 90' lang='lat' dir='ltr'>fidasque</span> <span class='ocrx_word' id='word_1_161' title='bbox 1382 1843 1594 1878; x_wconf 88' lang='lat' dir='ltr'>sorores</span> 
     </span>
     <span class='ocr_line' id='line_1_25' title="bbox 161 1888 1659 1966; baseline 0.004 -22"><span class='ocrx_word' id='word_1_162' title='bbox 161 1888 267 1961; x_wconf 83' lang='lat' dir='ltr'>Spe</span> <span class='ocrx_word' id='word_1_163' title='bbox 306 1894 552 1962; x_wconf 86' lang='lat' dir='ltr'>votisque</span> <span class='ocrx_word' id='word_1_164' title='bbox 593 1898 761 1963; x_wconf 87' lang='lat' dir='ltr'>tenet,</span> <span class='ocrx_word' id='word_1_165' title='bbox 799 1899 980 1948; x_wconf 89' lang='lat' dir='ltr'>tamen</span> <span class='ocrx_word' id='word_1_166' title='bbox 1020 1899 1074 1948; x_wconf 91' lang='lat' dir='ltr'>et</span> <span class='ocrx_word' id='word_1_167' title='bbox 1114 1897 1178 1949; x_wconf 90' lang='lat' dir='ltr'>de</span> <span class='ocrx_word' id='word_1_168' title='bbox 1217 1900 1367 1950; x_wconf 89' lang='lat' dir='ltr'>turre</span> <span class='ocrx_word' id='word_1_169' title='bbox 1407 1915 1659 1966; x_wconf 90' lang='lat' dir='ltr'>suprema</span> 
     </span>
     <span class='ocr_line' id='line_1_26' title="bbox 158 1963 1840 2040; baseline 0.005 -23"><span class='ocrx_word' id='word_1_170' title='bbox 158 1963 469 2019; x_wconf 86' lang='lat' dir='ltr'>Attonitam</span> <span class='ocrx_word' id='word_1_171' title='bbox 507 1970 731 2038; x_wconf 90' lang='lat' dir='ltr'>totoque</span> <span class='ocrx_word' id='word_1_172' title='bbox 772 1971 1042 2021; x_wconf 86' lang='lat' dir='ltr'>extantem</span> <span class='ocrx_word' id='word_1_173' title='bbox 1083 1987 1303 2038; x_wconf 89' lang='lat' dir='ltr'>corpore</span> <span class='ocrx_word' id='word_1_174' title='bbox 1343 1970 1505 2040; x_wconf 90' lang='lat' dir='ltr'>longe</span> <span class='ocrx_word' id='word_1_175' title='bbox 1784 1986 1840 2025; x_wconf 94' lang='lat'>90</span> 
     </span>
     <span class='ocr_line' id='line_1_27' title="bbox 155 2037 1689 2113; baseline 0.004 -22"><span class='ocrx_word' id='word_1_176' title='bbox 155 2037 397 2108; x_wconf 88' lang='lat' dir='ltr'>Respicit</span> <span class='ocrx_word' id='word_1_177' title='bbox 434 2040 665 2111; x_wconf 81' lang='lat' dir='ltr'>Argian3</span> <span class='ocrx_word' id='word_1_178' title='bbox 706 2041 839 2098; x_wconf 86' lang='lat' dir='ltr'>haec</span> <span class='ocrx_word' id='word_1_179' title='bbox 877 2045 1113 2096; x_wconf 89' lang='lat' dir='ltr'>mentem</span> <span class='ocrx_word' id='word_1_180' title='bbox 1153 2043 1442 2113; x_wconf 89' lang='lat' dir='ltr'>oculosque</span> <span class='ocrx_word' id='word_1_181' title='bbox 1480 2043 1689 2098; x_wconf 91' lang='lat' dir='ltr'>reducit</span> 
     </span>
     <span class='ocr_line' id='line_1_28' title="bbox 156 2109 1489 2185; baseline 0.005 -21"><span class='ocrx_word' id='word_1_182' title='bbox 156 2109 414 2183; x_wconf 84' lang='lat' dir='ltr'>Coniugis</span> <span class='ocrx_word' id='word_1_183' title='bbox 454 2117 510 2166; x_wconf 94' lang='lat' dir='ltr'>et</span> <span class='ocrx_word' id='word_1_184' title='bbox 547 2115 726 2168; x_wconf 91' lang='lat' dir='ltr'>dulces</span> <span class='ocrx_word' id='word_1_185' title='bbox 767 2117 965 2169; x_wconf 85' lang='lat' dir='ltr'>avertit</span> <span class='ocrx_word' id='word_1_186' title='bbox 1002 2120 1220 2185; x_wconf 89' lang='lat' dir='ltr'>pectore</span> <span class='ocrx_word' id='word_1_187' title='bbox 1259 2116 1489 2171; x_wconf 80' lang='lat' dir='ltr'>Thebas,</span> 
     </span>
     <span class='ocr_line' id='line_1_29' title="bbox 229 2184 1665 2261; baseline 0.005 -23"><span class='ocrx_word' id='word_1_188' title='bbox 229 2184 368 2240; x_wconf 83' lang='lat' dir='ltr'>Ecce</span> <span class='ocrx_word' id='word_1_189' title='bbox 407 2187 549 2240; x_wconf 90' lang='lat' dir='ltr'>inter</span> <span class='ocrx_word' id='word_1_190' title='bbox 588 2189 793 2242; x_wconf 91' lang='lat' dir='ltr'>medios</span> <span class='ocrx_word' id='word_1_191' title='bbox 831 2190 1044 2258; x_wconf 87' lang='lat' dir='ltr'>patriae</span> <span class='ocrx_word' id='word_1_192' title='bbox 1084 2190 1190 2244; x_wconf 90' lang='lat' dir='ltr'>ciet</span> <span class='ocrx_word' id='word_1_193' title='bbox 1229 2191 1448 2259; x_wconf 88' lang='lat' dir='ltr'>agmina</span> <span class='ocrx_word' id='word_1_194' title='bbox 1488 2192 1665 2261; x_wconf 89' lang='lat' dir='ltr'>gentis</span> 
     </span>
     <span class='ocr_line' id='line_1_30' title="bbox 153 2255 1662 2334; baseline 0.005 -24"><span class='ocrx_word' id='word_1_195' title='bbox 153 2255 464 2313; x_wconf 88' lang='lat' dir='ltr'>Fulmineus</span> <span class='ocrx_word' id='word_1_196' title='bbox 507 2260 743 2330; x_wconf 78' lang='lat' dir='ltr'>TydeuS‚</span> <span class='ocrx_word' id='word_1_197' title='bbox 782 2263 892 2316; x_wconf 89' lang='lat' dir='ltr'>iam</span> <span class='ocrx_word' id='word_1_198' title='bbox 931 2264 1106 2317; x_wconf 91' lang='lat' dir='ltr'>laetus</span> <span class='ocrx_word' id='word_1_199' title='bbox 1147 2267 1201 2317; x_wconf 93' lang='lat' dir='ltr'>et</span> <span class='ocrx_word' id='word_1_200' title='bbox 1240 2264 1451 2334; x_wconf 88' lang='lat' dir='ltr'>integer</span> <span class='ocrx_word' id='word_1_201' title='bbox 1490 2269 1662 2331; x_wconf 89' lang='lat' dir='ltr'>artus,</span> 
     </span>
     <span class='ocr_line' id='line_1_31' title="bbox 154 2328 1838 2404; baseline 0.005 -20"><span class='ocrx_word' id='word_1_202' title='bbox 154 2328 232 2384; x_wconf 92' lang='lat' dir='ltr'>Ut</span> <span class='ocrx_word' id='word_1_203' title='bbox 269 2333 474 2401; x_wconf 89' lang='lat' dir='ltr'>primae</span> <span class='ocrx_word' id='word_1_204' title='bbox 516 2339 790 2404; x_wconf 89' lang='lat' dir='ltr'>strepuere</span> <span class='ocrx_word' id='word_1_205' title='bbox 830 2337 1017 2390; x_wconf 88' lang='lat' dir='ltr'>tubae:</span> <span class='ocrx_word' id='word_1_206' title='bbox 1057 2355 1152 2390; x_wconf 88' lang='lat' dir='ltr'>ceu</span> <span class='ocrx_word' id='word_1_207' title='bbox 1191 2337 1429 2391; x_wconf 89' lang='lat' dir='ltr'>lubricus</span> <span class='ocrx_word' id='word_1_208' title='bbox 1471 2339 1585 2392; x_wconf 85' lang='lat' dir='ltr'>alta</span> <span class='ocrx_word' id='word_1_209' title='bbox 1783 2353 1838 2394; x_wconf 83' lang='lat'>95</span> 
     </span>
    </p>
   </div>
   <div class='ocr_carea' id='block_1_6' title="bbox 152 2441 507 2453">
    <p class='ocr_par' dir='ltr' id='par_1_6' title="bbox 152 2441 507 2453">
     <span class='ocr_line' id='line_1_32' title="bbox 152 2441 507 2453; baseline 0 745"><span class='ocrx_word' id='word_1_210' title='bbox 152 2441 507 2453; x_wconf 95' lang='lat' dir='ltr'> </span> 
     </span>
    </p>
   </div>
   <div class='ocr_carea' id='block_1_7' title="bbox 153 2493 1836 2606">
    <p class='ocr_par' dir='ltr' id='par_1_7' title="bbox 153 2493 1836 2606">
     <span class='ocr_line' id='line_1_33' title="bbox 275 2493 1836 2549; baseline 0.006 -14"><span class='ocrx_word' id='word_1_211' title='bbox 275 2496 330 2535; x_wconf 78' lang='lat'>77</span> <span class='ocrx_word' id='word_1_212' title='bbox 357 2505 422 2548; x_wconf 74' lang='lat' dir='ltr'>sq,</span> <span class='ocrx_word' id='word_1_213' title='bbox 474 2493 569 2537; x_wconf 85' lang='lat' dir='ltr'>‘vel</span> <span class='ocrx_word' id='word_1_214' title='bbox 615 2507 730 2549; x_wconf 88' lang='lat' dir='ltr'>quos</span> <span class='ocrx_word' id='word_1_215' title='bbox 764 2522 819 2527; x_wconf 95' lang='lat'><strong>—</strong></span> <span class='ocrx_word' id='word_1_216' title='bbox 851 2494 986 2539; x_wconf 86' lang='lat' dir='ltr'>fides&#39;</span> <span class='ocrx_word' id='word_1_217' title='bbox 1037 2495 1186 2540; x_wconf 83' lang='lat' dir='ltr'>Serv.</span> <span class='ocrx_word' id='word_1_218' title='bbox 1235 2496 1296 2540; x_wconf 88' lang='lat' dir='ltr'>ad</span> <span class='ocrx_word' id='word_1_219' title='bbox 1341 2496 1455 2541; x_wconf 91' lang='lat' dir='ltr'>Aen.</span> <span class='ocrx_word' id='word_1_220' title='bbox 1505 2497 1591 2543; x_wconf 90' lang='lat' dir='ltr'>VII</span> <span class='ocrx_word' id='word_1_221' title='bbox 1638 2502 1740 2544; x_wconf 81' lang='lat'><strong>648.</strong></span> <span class='ocrx_word' id='word_1_222' title='bbox 1778 2522 1836 2534; x_wconf 97' lang='lat'>—</span> 
     </span>
     <span class='ocr_line' id='line_1_34' title="bbox 153 2549 1020 2606; baseline 0.002 -12"><span class='ocrx_word' id='word_1_223' title='bbox 153 2553 224 2594; x_wconf 83' lang='lat'>82.</span> <span class='ocrx_word' id='word_1_224' title='bbox 261 2549 339 2594; x_wconf 85' lang='lat' dir='ltr'>‘ne</span> <span class='ocrx_word' id='word_1_225' title='bbox 369 2563 516 2606; x_wconf 88' lang='lat' dir='ltr'>parva</span> <span class='ocrx_word' id='word_1_226' title='bbox 546 2577 601 2584; x_wconf 91' lang='grc'>--</span> <span class='ocrx_word' id='word_1_227' title='bbox 633 2554 741 2597; x_wconf 88' lang='lat' dir='ltr'>iret&#39;</span> <span class='ocrx_word' id='word_1_228' title='bbox 778 2553 923 2598; x_wconf 84' lang='lat' dir='ltr'>Serv.</span> <span class='ocrx_word' id='word_1_229' title='bbox 958 2553 1020 2596; x_wconf 87' lang='lat' dir='ltr'>ib.</span> 
     </span>
    </p>
   </div>
   <div class='ocr_carea' id='block_1_8' title="bbox 151 2640 508 2649">
    <p class='ocr_par' dir='ltr' id='par_1_8' title="bbox 151 2640 508 2649">
     <span class='ocr_line' id='line_1_35' title="bbox 151 2640 508 2649; baseline 0 549"><span class='ocrx_word' id='word_1_230' title='bbox 151 2640 508 2649; x_wconf 95' lang='lat' dir='ltr'> </span> 
     </span>
    </p>
   </div>
   <div class='ocr_carea' id='block_1_9' title="bbox 153 2682 1837 2917">
    <p class='ocr_par' dir='ltr' id='par_1_9' title="bbox 153 2682 1837 2917">
     <span class='ocr_line' id='line_1_36' title="bbox 274 2682 1837 2753; baseline 0.004 -26"><span class='ocrx_word' id='word_1_231' title='bbox 274 2682 511 2727; x_wconf 77' lang='lat' dir='ltr'>761uncta</span> <span class='ocrx_word' id='word_1_232' title='bbox 525 2683 833 2730; x_wconf 77' lang='lat' dir='ltr'>Baehrensius</span> <span class='ocrx_word' id='word_1_233' title='bbox 848 2686 863 2742; x_wconf 75' lang='grc' dir='ltr'>Η</span> <span class='ocrx_word' id='word_1_234' title='bbox 882 2690 935 2729; x_wconf 82' lang='grc'>77</span> <span class='ocrx_word' id='word_1_235' title='bbox 953 2684 1028 2728; x_wconf 88' lang='lat' dir='ltr'>vel</span> <span class='ocrx_word' id='word_1_236' title='bbox 1046 2698 1160 2740; x_wconf 87' lang='lat' dir='ltr'>quos</span> <span class='ocrx_word' id='word_1_237' title='bbox 1180 2685 1301 2731; x_wconf 78' lang='lat' dir='ltr'>Serv.</span> <span class='ocrx_word' id='word_1_238' title='bbox 1324 2687 1398 2753; x_wconf 66' lang='lat' dir='ltr'>[et</span> <span class='ocrx_word' id='word_1_239' title='bbox 1414 2687 1532 2731; x_wconf 84' lang='lat' dir='ltr'>actis</span> <span class='ocrx_word' id='word_1_240' title='bbox 1551 2689 1799 2733; x_wconf 77' lang='lat' dir='ltr'>Muellerus</span> <span class='ocrx_word' id='word_1_241' title='bbox 1823 2694 1837 2744; x_wconf 53' lang='grc' dir='ltr'>ἐξ</span> 
     </span>
     <span class='ocr_line' id='line_1_37' title="bbox 154 2740 1837 2807; baseline 0.005 -23"><span class='ocrx_word' id='word_1_242' title='bbox 154 2743 211 2784; x_wconf 83' lang='grc'>82</span> <span class='ocrx_word' id='word_1_243' title='bbox 242 2754 301 2786; x_wconf 90' lang='lat' dir='ltr'>ne</span> <span class='ocrx_word' id='word_1_244' title='bbox 332 2754 481 2807; x_wconf 81' lang='lat' dir='ltr'>parva</span> <span class='ocrx_word' id='word_1_245' title='bbox 511 2756 571 2785; x_wconf 92' lang='lat' dir='ltr'>m.</span> <span class='ocrx_word' id='word_1_246' title='bbox 605 2740 634 2786; x_wconf 92' lang='lat' dir='ltr'>i.</span> <span class='ocrx_word' id='word_1_247' title='bbox 668 2756 797 2787; x_wconf 84' lang='lat' dir='ltr'>arma</span> <span class='ocrx_word' id='word_1_248' title='bbox 835 2743 927 2787; x_wconf 88' lang='lat' dir='ltr'>iret</span> <span class='ocrx_word' id='word_1_249' title='bbox 958 2743 1077 2788; x_wconf 77' lang='lat' dir='ltr'>Serv.</span> <span class='ocrx_word' id='word_1_250' title='bbox 1103 2744 1120 2799; x_wconf 73' lang='lat' dir='ltr'>u</span> <span class='ocrx_word' id='word_1_251' title='bbox 1143 2748 1200 2788; x_wconf 87' lang='lat'>84</span> <span class='ocrx_word' id='word_1_252' title='bbox 1232 2745 1394 2790; x_wconf 71' lang='lat' dir='ltr'>denus</span> <span class='ocrx_word' id='word_1_253' title='bbox 1430 2747 1719 2805; x_wconf 76' lang='lat' dir='ltr'>Peyraredus</span> <span class='ocrx_word' id='word_1_254' title='bbox 1740 2749 1756 2803; x_wconf 83' lang='grc' dir='ltr'>ΙΙ</span> <span class='ocrx_word' id='word_1_255' title='bbox 1780 2751 1837 2793; x_wconf 86' lang='grc'>86</span> 
     </span>
     <span class='ocr_line' id='line_1_38' title="bbox 153 2799 1837 2861; baseline 0.005 -18"><span class='ocrx_word' id='word_1_256' title='bbox 153 2799 204 2843; x_wconf 83' lang='lat' dir='ltr'>et</span> <span class='ocrx_word' id='word_1_257' title='bbox 266 2812 421 2843; x_wconf 89' lang='lat' dir='ltr'>emmo</span> <span class='ocrx_word' id='word_1_258' title='bbox 444 2804 521 2842; x_wconf 81' lang='lat' dir='ltr'>PG</span> <span class='ocrx_word' id='word_1_259' title='bbox 552 2800 740 2857; x_wconf 85' lang='lat' dir='ltr'>gemino</span> <span class='ocrx_word' id='word_1_260' title='bbox 764 2804 928 2859; x_wconf 78' lang='lat' dir='ltr'>reliqui</span> <span class='ocrx_word' id='word_1_261' title='bbox 951 2803 966 2858; x_wconf 86' lang='grc' dir='ltr'>ΙΙ</span> <span class='ocrx_word' id='word_1_262' title='bbox 990 2807 1046 2846; x_wconf 86' lang='grc'>90</span> <span class='ocrx_word' id='word_1_263' title='bbox 1071 2802 1326 2847; x_wconf 83' lang='lat' dir='ltr'>instantem</span> <span class='ocrx_word' id='word_1_264' title='bbox 1348 2809 1381 2847; x_wconf 83' lang='lat' dir='ltr'>P</span> <span class='ocrx_word' id='word_1_265' title='bbox 1404 2807 1419 2861; x_wconf 83' lang='grc' dir='ltr'>ΙΙ</span> <span class='ocrx_word' id='word_1_266' title='bbox 1443 2810 1500 2849; x_wconf 86' lang='grc'>94</span> <span class='ocrx_word' id='word_1_267' title='bbox 1525 2804 1710 2861; x_wconf 84' lang='lat' dir='ltr'>integer</span> <span class='ocrx_word' id='word_1_268' title='bbox 1733 2804 1837 2851; x_wconf 81' lang='lat' dir='ltr'>ausi</span> 
     </span>
     <span class='ocr_line' id='line_1_39' title="bbox 158 2855 1320 2917; baseline 0.005 -15"><span class='ocrx_word' id='word_1_269' title='bbox 158 2855 199 2901; x_wconf 88' lang='grc' dir='ltr'><em>Ο</em></span> <span class='ocrx_word' id='word_1_270' title='bbox 307 2859 537 2903; x_wconf 77' lang='lat' dir='ltr'>dmannus</span> <span class='ocrx_word' id='word_1_271' title='bbox 559 2861 575 2915; x_wconf 87' lang='grc' dir='ltr'>ΙΙ</span> <span class='ocrx_word' id='word_1_272' title='bbox 599 2863 655 2903; x_wconf 86' lang='grc'>95</span> <span class='ocrx_word' id='word_1_273' title='bbox 686 2859 860 2915; x_wconf 87' lang='lat' dir='ltr'>primae</span> <span class='ocrx_word' id='word_1_274' title='bbox 891 2865 924 2903; x_wconf 83' lang='lat' dir='ltr'>P</span> <span class='ocrx_word' id='word_1_275' title='bbox 954 2859 1156 2917; x_wconf 87' lang='lat' dir='ltr'>primum</span> <span class='ocrx_word' id='word_1_276' title='bbox 1187 2863 1320 2908; x_wconf 80' lang='lat' dir='ltr'>ceteri</span> 
     </span>
    </p>
   </div>
  </div>
 </body>
</html>
