2028 3190
240 161 356 214 250
827 162 877 206 Ρ.
909 161 1140 207 ΡΑΡΙΝΠ
1171 163 1363 209 STATII

239 281 383 336 Ecce
422 282 556 335 furit
594 283 869 352 iactatque
908 287 1003 337 tuo
1045 303 1102 337 se
1141 285 1198 338 in
1237 285 1454 356 gurgite
1494 286 1668 341 maior
1732 346 1738 353 ,

242 356 652 426 Hippomedon,
691 357 848 411 illum
886 358 1141 427 ripaeque
1179 346 1460 429 undaeque
1498 363 1850 432 tremescunt,

241 430 398 484 Illius
437 431 678 501 impulsu
716 434 967 484 nostrum
1006 432 1145 485 bibit
1181 434 1326 486 unda
1364 451 1632 487 cruorem:
1846 449 1934 490 395

240 504 325 557 Tu
363 505 518 589 piger
558 509 612 558 et
649 506 893 559 trucibus
931 505 1110 559 facilis
1151 510 1350 561 servire
1389 506 1652 577 Pelasgis

242 578 330 631 Ad
369 579 574 632 cineres
615 580 810 632 saltem
851 599 1206 650 supremaque
1245 582 1391 635 iusta
1429 585 1668 651 tuorum,

237 650 435 721 Saeve,
473 654 618 719 veni,
656 672 767 707 non
803 653 892 708 hic
933 655 1107 708 solum
1147 673 1433 708 accensure
1470 654 1763 724 nepotem?

237 726 343 779 His
383 695 574 780 niiscet
612 728 864 797 planctus
906 729 1242 799 multumque
1281 729 1507 800 indigna
1547 732 1795 784 cruentat

239 800 489 869 Pectora,
529 803 804 855 caeruleae
843 802 1084 855 referunt
1122 804 1362 857 lamenta
1401 821 1636 857 sorores:
1846 817 1934 858 400

238 873 490 936 Qualiter
528 874 823 930 Isthmiaco
862 877 1101 929 nondum
1139 876 1374 932 Nereida
1410 883 1574 946 portu

237 947 588 1002 Leucothean
626 950 900 1019 planxisse
937 950 1143 1021 ferunt,
1184 951 1311 1004 dum
1350 955 1568 1021 pectore
1608 950 1804 1004 anhelo

237 1021 489 1091 Frigidus
530 1024 587 1076 in
627 1029 858 1078 matrem
899 1043 1117 1078 saevum
1156 1044 1303 1078 mare
1342 1026 1551 1094 respuit
1589 1024 1783 1079 infans

313 1097 391 1150 At
430 1100 585 1166 pater
626 1116 822 1152 arcano
862 1099 1101 1152 residens
1140 1098 1381 1152 Ismenos
1422 1101 1480 1151 in
1519 1101 1676 1151 antro
1686 1140 1701 1167 ,

237 1169 395 1223 Unde
428 1190 590 1224 aurae
622 1173 897 1242 nubesque
931 1173 1128 1225 bibunt
1160 1177 1321 1243 atque
1354 1173 1601 1225 imbrifer
1631 1190 1788 1225 arcus
1845 1185 1932 1226 405

236 1243 490 1297 Pascitur
530 1251 583 1298 et
622 1245 815 1315 Tyrios
857 1246 1050 1299 melior
1088 1248 1237 1299 venit
1276 1265 1449 1299 annus
1489 1246 1548 1298 in
1586 1263 1771 1316 agrOS,

235 1317 312 1371 Ut
351 1318 594 1371 lamenta
631 1320 821 1388 procul
863 1317 1217 1391 (quamquam
1258 1322 1452 1389 strepit
1482 1318 1625 1390 ipse)
1656 1338 1933 1397 novosque

234 1391 463 1461 Accepit
502 1396 662 1445 natae
702 1394 964 1463 gemitUS,
1005 1394 1152 1446 levat
1191 1412 1385 1463 aspera
1424 1411 1610 1446 musco

236 1464 395 1519 Colla
435 1484 763 1536 gravemque
804 1468 928 1537 gelu
968 1468 1190 1536 crinem,
1232 1468 1528 1537 ceciditque
1570 1466 1751 1520 soluta

234 1539 401 1592 Pinus
441 1540 632 1593 adulta
669 1559 835 1594 manu
874 1541 1202 1610 dimissaque
1241 1542 1483 1595 volvitur
1521 1558 1672 1594 urna.
1844 1554 1932 1594 410

234 1612 400 1666 Illum
438 1633 536 1682 per
575 1615 969 1684 ripasannoso
1008 1633 1237 1683 ,scrupea
1275 1616 1405 1668 limo

233 1686 345 1740 Ora
386 1691 719 1741 exertantem
760 1689 928 1741 silvae
969 1689 1224 1758 fluviique
1264 1690 1498 1742 minores

234 1759 530 1814 Mirantur:
570 1765 757 1815 tantus
795 1762 1005 1815 tumido
1046 1763 1110 1815 de
1149 1764 1367 1832 gurgite
1409 1762 1610 1832 surgit,

235 1833 564 1904 Spumosum
605 1836 860 1890 attollens
902 1836 1110 1905 apicem
1149 1837 1412 1905 lapsuque
1454 1853 1649 1890 sonoro

233 1908 464 1962 Pectora
504 1910 781 1963 caeruleae
821 1911 951 1964 rivis
993 1911 1273 1964 manantia
1312 1910 1527 1964 barbae.
1841 1923 1928 1963 415

230 1982 409 2035 Obvia
448 1987 710 2054 cognatos
752 1985 987 2054 gemitus
1030 2002 1319 2055 casumque
1358 1985 1572 2053 nepotis

232 2055 615 2125 Nympharum
659 2059 815 2111 docet
853 2077 961 2111 una
996 2063 1208 2127 patrem
1241 2061 1616 2126 monstratque
1649 2061 1930 2111 cruentum

233 2131 531 2184 Auctorem
572 2132 921 2200 dextramque
960 2133 1178 2200 premit:
1220 2132 1375 2184 stetit
1414 2130 1612 2183 arduus
1653 2132 1764 2183 alto

231 2204 432 2272 Amne,
472 2223 744 2272 manuque
785 2222 951 2274 genas
993 2208 1048 2257 et
1085 2223 1223 2257 nexa
1262 2205 1562 2257 virentibus
1602 2204 1741 2257 ulvis

233 2274 453 2329 Cornua
492 2278 803 2330 concutiens
845 2281 922 2331 sic
961 2278 1211 2331 turbidus
1252 2296 1345 2331 ore
1383 2278 1649 2347 profundo
1839 2291 1926 2332 420

233 2350 454 2418 Incipit:
497 2349 749 2403 ‘Hune-ne
789 2352 944 2418 mihi,
989 2370 1242 2420 superum
1281 2356 1563 2422 regnator,
1602 2352 1890 2421 honorem,

232 2423 390 2486 Quod
428 2424 630 2477 totiens
670 2393 975 2494 hospesqu’e
1015 2427 1124 2479 tuis
1166 2430 1220 2479 et
1259 2426 1503 2479 conscius
1545 2426 1681 2479 actis

231 2496 372 2566 (Nec
411 2516 712 2551 memorare
751 2499 944 2570 timor)
985 2499 1126 2552 falsa
1163 2517 1306 2552 nunc
1345 2500 1595 2568 improba
1632 2500 1811 2552 fronte

230 2569 468 2638 Cornua,
508 2590 649 2625 nunc
688 2573 912 2626 vetitam
952 2592 1137 2627 currus
1178 2574 1466 2643 deiungere
1505 2573 1785 2657 Phoeben,

351 2706 437 2747 398
477 2700 550 2746 his
592 2701 745 2745 solum
782 2702 1009 2748 Heinsius
1044 2706 1060 2760 ΙΙ
1099 2708 1184 2748 399
1225 2705 1476 2748 cruentant
1513 2709 1545 2746 P
1582 2706 1599 2761 ΙΙ
1636 2708 1721 2748 401
1762 2701 1924 2746 nereia

231 2766 311 2803 PG
333 2763 348 2818 ΙΙ
371 2766 458 2807 407
492 2759 662 2817 strepit
691 2765 724 2803 P
757 2761 988 2819 obstrepit
1019 2764 1154 2808 ceteri
1175 2765 1191 2819 ΙΙ
1213 2768 1300 2808 409
1335 2762 1599 2818 occiditque
1631 2767 1663 2805 P
1686 2764 1702 2818 fl
1724 2766 1809 2806 411
1844 2775 1923 2805 an·

231 2833 350 2864 nosa
380 2825 413 2862 P
434 2821 451 2877 ΙΙ
472 2835 542 2867 vv.
574 2823 664 2865 413
704 2824 745 2864 et
775 2823 864 2865 414
895 2823 947 2866 in
969 2826 1002 2864 P
1034 2824 1153 2867 inter
1182 2835 1227 2867 se
1257 2823 1530 2878 transpositi
1562 2823 1774 2878 leyuntur
1796 2823 1812 2878 ΙΙ
1835 2825 1922 2866 413

230 2879 418 2923 tantum
450 2885 482 2922 P
522 2882 538 2937 ΙΙ
576 2883 663 2924 420
700 2892 854 2925 versus
884 2882 1002 2926 deest
1032 2882 1084 2926 in
1114 2886 1147 2924 Τ
1184 2882 1200 2937 ll
1238 2886 1326 2925 424
1367 2879 1620 2937 deiungere
1651 2884 1684 2922 P
1716 2881 1843 2937 (eade
1863 2895 1922 2925 m.
