<?xml version="1.0" encoding="UTF-8"?>
<!DOCTYPE html PUBLIC "-//W3C//DTD XHTML 1.0 Transitional//EN"
    "http://www.w3.org/TR/xhtml1/DTD/xhtml1-transitional.dtd">
<html xmlns="http://www.w3.org/1999/xhtml" xml:lang="en" lang="en">
 <head>
  <title>
</title>
<meta http-equiv="Content-Type" content="text/html;charset=utf-8" />
  <meta name='ocr-system' content='tesseract 3.04.00' />
  <meta name='ocr-capabilities' content='ocr_page ocr_carea ocr_par ocr_line ocrx_word'/>
</head>
<body>
  <div class='ocr_page' id='page_1' title='image "./operapapinius212statuoft_0264.png"; bbox 0 0 2072 3216; ppageno 0'>
   <div class='ocr_carea' id='block_1_1' title="bbox 1774 0 2072 57">
    <p class='ocr_par' dir='ltr' id='par_1_1' title="bbox 1774 0 2072 57">
     <span class='ocr_line' id='line_1_1' title="bbox 1774 0 2072 57; baseline 0 3159"><span class='ocrx_word' id='word_1_1' title='bbox 1774 0 2072 57; x_wconf 95' lang='lat' dir='ltr'> </span> 
     </span>
    </p>
   </div>
   <div class='ocr_carea' id='block_1_2' title="bbox 272 174 1387 229">
    <p class='ocr_par' dir='ltr' id='par_1_2' title="bbox 272 174 1387 229">
     <span class='ocr_line' id='line_1_2' title="bbox 272 174 1387 229; baseline -0.007 -2"><span class='ocrx_word' id='word_1_2' title='bbox 272 175 377 229; x_wconf 83' lang='grc'>176</span> <span class='ocrx_word' id='word_1_3' title='bbox 848 175 899 220; x_wconf 90' lang='grc' dir='ltr'>Ρ.</span> <span class='ocrx_word' id='word_1_4' title='bbox 933 174 1163 221; x_wconf 87' lang='lat' dir='ltr'>PAPINII</span> <span class='ocrx_word' id='word_1_5' title='bbox 1194 175 1387 220; x_wconf 84' lang='lat' dir='ltr'>STATII</span> 
     </span>
    </p>
   </div>
   <div class='ocr_carea' id='block_1_3' title="bbox 145 295 1967 2586">
    <p class='ocr_par' dir='ltr' id='par_1_3' title="bbox 147 295 1957 442">
     <span class='ocr_line' id='line_1_3' title="bbox 147 295 1957 372; baseline 0.002 -23"><span class='ocrx_word' id='word_1_6' title='bbox 147 308 240 349; x_wconf 85' lang='lat'>900</span> <span class='ocrx_word' id='word_1_7' title='bbox 271 295 428 354; x_wconf 84' lang='lat' dir='ltr'>Colla</span> <span class='ocrx_word' id='word_1_8' title='bbox 467 300 628 353; x_wconf 92' lang='lat' dir='ltr'>simul</span> <span class='ocrx_word' id='word_1_9' title='bbox 666 298 875 366; x_wconf 88' lang='lat' dir='ltr'>dextra,</span> <span class='ocrx_word' id='word_1_10' title='bbox 912 296 1140 367; x_wconf 89' lang='lat' dir='ltr'>pedibus</span> <span class='ocrx_word' id='word_1_11' title='bbox 1181 297 1346 354; x_wconf 83' lang='lat' dir='ltr'>simul</span> <span class='ocrx_word' id='word_1_12' title='bbox 1381 298 1622 372; x_wconf 34' lang='lat' dir='ltr'>inguina,</span> <span class='ocrx_word' id='word_1_13' title='bbox 1641 299 1832 354; x_wconf 83' lang='lat' dir='ltr'>vinxit.</span> <span class='ocrx_word' id='word_1_14' title='bbox 1871 311 1957 354; x_wconf 78' lang='grc'>875</span> 
     </span>
     <span class='ocr_line' id='line_1_4' title="bbox 269 368 1586 442; baseline 0.002 -17"><span class='ocrx_word' id='word_1_15' title='bbox 269 372 467 428; x_wconf 91' lang='lat' dir='ltr'>Deficit</span> <span class='ocrx_word' id='word_1_16' title='bbox 506 368 767 427; x_wconf 82' lang='lat' dir='ltr'>ob’sessus</span> <span class='ocrx_word' id='word_1_17' title='bbox 801 372 1022 441; x_wconf 90' lang='lat' dir='ltr'>soloque</span> <span class='ocrx_word' id='word_1_18' title='bbox 1062 370 1264 440; x_wconf 90' lang='lat' dir='ltr'>pudore</span> <span class='ocrx_word' id='word_1_19' title='bbox 1302 376 1586 442; x_wconf 79' lang='lat' dir='ltr'><strong>repugnat.</strong></span> 
     </span>
    </p>

    <p class='ocr_par' dir='ltr' id='par_1_4' title="bbox 269 445 1914 666">
     <span class='ocr_line' id='line_1_5' title="bbox 269 445 1914 517; baseline 0.002 -18"><span class='ocrx_word' id='word_1_20' title='bbox 269 446 508 500; x_wconf 83' lang='lat' dir='ltr'>Tandem</span> <span class='ocrx_word' id='word_1_21' title='bbox 546 449 735 517; x_wconf 87' lang='lat' dir='ltr'>pectus</span> <span class='ocrx_word' id='word_1_22' title='bbox 774 445 928 499; x_wconf 92' lang='lat' dir='ltr'>humi</span> <span class='ocrx_word' id='word_1_23' title='bbox 966 463 1300 514; x_wconf 86' lang='lat' dir='ltr'><strong>pronamque</strong></span> <span class='ocrx_word' id='word_1_24' title='bbox 1340 447 1593 500; x_wconf 84' lang='lat' dir='ltr'>extensus</span> <span class='ocrx_word' id='word_1_25' title='bbox 1635 447 1692 500; x_wconf 92' lang='lat' dir='ltr'>in</span> <span class='ocrx_word' id='word_1_26' title='bbox 1730 447 1914 502; x_wconf 83' lang='lat' dir='ltr'>alvum</span> 
     </span>
     <span class='ocr_line' id='line_1_6' title="bbox 270 519 1840 594; baseline 0.002 -21"><span class='ocrx_word' id='word_1_27' title='bbox 270 519 568 590; x_wconf 76' lang='lat' dir='ltr'><strong>Sternitur,</strong></span> <span class='ocrx_word' id='word_1_28' title='bbox 608 540 668 575; x_wconf 89' lang='lat' dir='ltr'>ac</span> <span class='ocrx_word' id='word_1_29' title='bbox 707 521 874 589; x_wconf 90' lang='lat' dir='ltr'>longo</span> <span class='ocrx_word' id='word_1_30' title='bbox 915 522 1155 572; x_wconf 89' lang='lat' dir='ltr'>maestus</span> <span class='ocrx_word' id='word_1_31' title='bbox 1193 522 1320 589; x_wconf 89' lang='lat' dir='ltr'>post</span> <span class='ocrx_word' id='word_1_32' title='bbox 1357 522 1602 590; x_wconf 89' lang='lat' dir='ltr'>tempore</span> <span class='ocrx_word' id='word_1_33' title='bbox 1641 521 1840 594; x_wconf 82' lang='lat' dir='ltr'>surgit,</span> 
     </span>
     <span class='ocr_line' id='line_1_7' title="bbox 270 594 1489 666; baseline 0 -19"><span class='ocrx_word' id='word_1_34' title='bbox 270 594 476 665; x_wconf 89' lang='lat' dir='ltr'>Turpia</span> <span class='ocrx_word' id='word_1_35' title='bbox 515 596 733 666; x_wconf 90' lang='lat' dir='ltr'>signata</span> <span class='ocrx_word' id='word_1_36' title='bbox 770 594 1018 663; x_wconf 89' lang='lat' dir='ltr'>linquens</span> <span class='ocrx_word' id='word_1_37' title='bbox 1057 594 1291 662; x_wconf 87' lang='lat' dir='ltr'>vestigia</span> <span class='ocrx_word' id='word_1_38' title='bbox 1330 595 1489 647; x_wconf 89' lang='lat' dir='ltr'>terra.</span> 
     </span>
    </p>

    <p class='ocr_par' dir='ltr' id='par_1_5' title="bbox 148 667 1959 1033">
     <span class='ocr_line' id='line_1_8' title="bbox 148 667 1959 737; baseline 0.002 -18"><span class='ocrx_word' id='word_1_39' title='bbox 148 678 239 720; x_wconf 86' lang='lat'>905</span> <span class='ocrx_word' id='word_1_40' title='bbox 269 667 512 723; x_wconf 86' lang='lat' dir='ltr'>Palmam</span> <span class='ocrx_word' id='word_1_41' title='bbox 555 673 735 723; x_wconf 89' lang='lat' dir='ltr'>autem</span> <span class='ocrx_word' id='word_1_42' title='bbox 775 669 964 722; x_wconf 87' lang='lat' dir='ltr'>dextra</span> <span class='ocrx_word' id='word_1_43' title='bbox 1000 669 1261 737; x_wconf 84' lang='lat' dir='ltr'>laevaque</span> <span class='ocrx_word' id='word_1_44' title='bbox 1300 667 1533 721; x_wconf 73' lang='lat' dir='ltr'>nitentia</span> <span class='ocrx_word' id='word_1_45' title='bbox 1572 667 1712 722; x_wconf 91' lang='lat' dir='ltr'>dono</span> <span class='ocrx_word' id='word_1_46' title='bbox 1872 681 1959 723; x_wconf 90' lang='grc'>880</span> 
     </span>
     <span class='ocr_line' id='line_1_9' title="bbox 270 740 1892 812; baseline 0 -16"><span class='ocrx_word' id='word_1_47' title='bbox 270 742 441 797; x_wconf 91' lang='lat' dir='ltr'>Arma</span> <span class='ocrx_word' id='word_1_48' title='bbox 478 743 657 797; x_wconf 86' lang='lat' dir='ltr'>ferens</span> <span class='ocrx_word' id='word_1_49' title='bbox 697 742 932 812; x_wconf 78' lang='lat' dir='ltr'>Tydeus:</span> <span class='ocrx_word' id='word_1_50' title='bbox 973 740 1134 803; x_wconf 72' lang='lat' dir='ltr'>‘Quid</span> <span class='ocrx_word' id='word_1_51' title='bbox 1174 742 1221 795; x_wconf 91' lang='lat' dir='ltr'>si</span> <span class='ocrx_word' id='word_1_52' title='bbox 1259 760 1371 795; x_wconf 90' lang='lat' dir='ltr'>non</span> <span class='ocrx_word' id='word_1_53' title='bbox 1411 741 1692 812; x_wconf 80' lang='lat' dir='ltr'>sanguinis</span> <span class='ocrx_word' id='word_1_54' title='bbox 1731 741 1892 796; x_wconf 88' lang='lat' dir='ltr'>huius</span> 
     </span>
     <span class='ocr_line' id='line_1_10' title="bbox 267 813 1758 888; baseline 0 -18"><span class='ocrx_word' id='word_1_55' title='bbox 267 817 487 870; x_wconf 91' lang='lat' dir='ltr'>Partem</span> <span class='ocrx_word' id='word_1_56' title='bbox 525 818 660 870; x_wconf 91' lang='lat' dir='ltr'>haut</span> <span class='ocrx_word' id='word_1_57' title='bbox 702 817 953 888; x_wconf 86' lang='lat' dir='ltr'>exiguam</span> <span class='ocrx_word' id='word_1_58' title='bbox 993 813 1194 886; x_wconf 88' lang='lat' dir='ltr'>(scitis)</span> <span class='ocrx_word' id='word_1_59' title='bbox 1234 814 1491 869; x_wconf 91' lang='lat' dir='ltr'>Dircaeus</span> <span class='ocrx_word' id='word_1_60' title='bbox 1531 816 1758 870; x_wconf 89' lang='lat' dir='ltr'>haberet</span> 
     </span>
     <span class='ocr_line' id='line_1_11' title="bbox 270 888 1923 961; baseline -0.001 -17"><span class='ocrx_word' id='word_1_61' title='bbox 270 889 504 961; x_wconf 84' lang='lat' dir='ltr'>Campus</span> <span class='ocrx_word' id='word_1_62' title='bbox 514 933 528 961; x_wconf 82' lang='lat'><strong><em>,</em></strong></span> <span class='ocrx_word' id='word_1_63' title='bbox 568 892 663 945; x_wconf 92' lang='lat' dir='ltr'>ubi</span> <span class='ocrx_word' id='word_1_64' title='bbox 701 891 804 944; x_wconf 93' lang='lat' dir='ltr'>hae</span> <span class='ocrx_word' id='word_1_65' title='bbox 843 907 1015 959; x_wconf 85' lang='lat' dir='ltr'>nuper</span> <span class='ocrx_word' id='word_1_66' title='bbox 1054 889 1366 943; x_wconf 85' lang='lat' dir='ltr'>Thebarum</span> <span class='ocrx_word' id='word_1_67' title='bbox 1404 889 1624 944; x_wconf 87' lang='lat' dir='ltr'>foedera</span> <span class='ocrx_word' id='word_1_68' title='bbox 1663 888 1923 961; x_wconf 74' lang='lat' dir='ltr'>plagae?&#39;</span> 
     </span>
     <span class='ocr_line' id='line_1_12' title="bbox 267 963 1872 1033; baseline 0.001 -16"><span class='ocrx_word' id='word_1_69' title='bbox 267 964 418 1019; x_wconf 91' lang='lat' dir='ltr'>Haec</span> <span class='ocrx_word' id='word_1_70' title='bbox 459 966 622 1018; x_wconf 90' lang='lat' dir='ltr'>simul</span> <span class='ocrx_word' id='word_1_71' title='bbox 662 967 941 1019; x_wconf 70' lang='lat' dir='ltr'>ostentans</span> <span class='ocrx_word' id='word_1_72' title='bbox 981 963 1331 1033; x_wconf 90' lang='lat' dir='ltr'>quaesitaque</span> <span class='ocrx_word' id='word_1_73' title='bbox 1370 964 1614 1032; x_wconf 91' lang='lat' dir='ltr'>praemia</span> <span class='ocrx_word' id='word_1_74' title='bbox 1650 964 1872 1019; x_wconf 86' lang='lat' dir='ltr'>laudum</span> 
     </span>
    </p>

    <p class='ocr_par' dir='ltr' id='par_1_6' title="bbox 151 1038 1959 1110">
     <span class='ocr_line' id='line_1_13' title="bbox 151 1038 1959 1110; baseline 0.001 -20"><span class='ocrx_word' id='word_1_75' title='bbox 151 1048 244 1090; x_wconf 87' lang='lat'>910</span> <span class='ocrx_word' id='word_1_76' title='bbox 273 1038 384 1092; x_wconf 92' lang='lat' dir='ltr'>Dat</span> <span class='ocrx_word' id='word_1_77' title='bbox 423 1039 607 1109; x_wconf 79' lang='lat' dir='ltr'>sociis,</span> <span class='ocrx_word' id='word_1_78' title='bbox 648 1039 893 1109; x_wconf 85' lang='lat' dir='ltr'>sequitur</span> <span class='ocrx_word' id='word_1_79' title='bbox 930 1038 1210 1107; x_wconf 90' lang='lat' dir='ltr'>neglectus</span> <span class='ocrx_word' id='word_1_80' title='bbox 1250 1038 1488 1110; x_wconf 86' lang='lat' dir='ltr'>Agyllea</span> <span class='ocrx_word' id='word_1_81' title='bbox 1524 1038 1736 1092; x_wconf 85' lang='lat' dir='ltr'>thorax.</span> <span class='ocrx_word' id='word_1_82' title='bbox 1873 1049 1959 1092; x_wconf 77' lang='lat'>885</span> 
     </span>
    </p>

    <p class='ocr_par' dir='ltr' id='par_1_7' title="bbox 267 1111 1877 1329">
     <span class='ocr_line' id='line_1_14' title="bbox 343 1111 1714 1182; baseline -0.002 -15"><span class='ocrx_word' id='word_1_83' title='bbox 343 1111 482 1167; x_wconf 82' lang='lat' dir='ltr'>Sunt</span> <span class='ocrx_word' id='word_1_84' title='bbox 522 1117 577 1166; x_wconf 89' lang='lat' dir='ltr'>et</span> <span class='ocrx_word' id='word_1_85' title='bbox 616 1114 709 1182; x_wconf 89' lang='lat' dir='ltr'>qui</span> <span class='ocrx_word' id='word_1_86' title='bbox 747 1112 890 1165; x_wconf 91' lang='lat' dir='ltr'>nudo</span> <span class='ocrx_word' id='word_1_87' title='bbox 932 1113 1161 1165; x_wconf 89' lang='lat' dir='ltr'>subeant</span> <span class='ocrx_word' id='word_1_88' title='bbox 1200 1129 1515 1165; x_wconf 91' lang='lat' dir='ltr'>concurrere</span> <span class='ocrx_word' id='word_1_89' title='bbox 1554 1111 1714 1165; x_wconf 87' lang='lat' dir='ltr'>ferro.</span> 
     </span>
     <span class='ocr_line' id='line_1_15' title="bbox 268 1184 1877 1257; baseline -0.001 -17"><span class='ocrx_word' id='word_1_90' title='bbox 268 1187 491 1257; x_wconf 88' lang='lat' dir='ltr'>Iamque</span> <span class='ocrx_word' id='word_1_91' title='bbox 533 1187 758 1240; x_wconf 87' lang='lat' dir='ltr'>aderant</span> <span class='ocrx_word' id='word_1_92' title='bbox 796 1186 1049 1239; x_wconf 82' lang='lat' dir='ltr'>instructi</span> <span class='ocrx_word' id='word_1_93' title='bbox 1090 1186 1254 1238; x_wconf 87' lang='lat' dir='ltr'>armis</span> <span class='ocrx_word' id='word_1_94' title='bbox 1294 1185 1623 1255; x_wconf 86' lang='lat' dir='ltr'>Epidaurius</span> <span class='ocrx_word' id='word_1_95' title='bbox 1663 1184 1877 1255; x_wconf 84' lang='lat' dir='ltr'>Agreus</span> 
     </span>
     <span class='ocr_line' id='line_1_16' title="bbox 267 1259 1599 1329; baseline -0.001 -15"><span class='ocrx_word' id='word_1_96' title='bbox 267 1260 342 1314; x_wconf 85' lang='lat' dir='ltr'>Et</span> <span class='ocrx_word' id='word_1_97' title='bbox 380 1261 620 1314; x_wconf 92' lang='lat' dir='ltr'>nondum</span> <span class='ocrx_word' id='word_1_98' title='bbox 660 1261 790 1314; x_wconf 86' lang='lat' dir='ltr'>fatis</span> <span class='ocrx_word' id='word_1_99' title='bbox 830 1259 1091 1313; x_wconf 81' lang='lat' dir='ltr'>Dircaeus</span> <span class='ocrx_word' id='word_1_100' title='bbox 1132 1260 1420 1329; x_wconf 85' lang='lat' dir='ltr'>agentibus</span> <span class='ocrx_word' id='word_1_101' title='bbox 1461 1260 1599 1313; x_wconf 88' lang='lat' dir='ltr'>exul.</span> 
     </span>
    </p>

    <p class='ocr_par' dir='ltr' id='par_1_8' title="bbox 270 1332 1685 1402">
     <span class='ocr_line' id='line_1_17' title="bbox 270 1332 1685 1402; baseline -0.001 -14"><span class='ocrx_word' id='word_1_102' title='bbox 270 1333 394 1388; x_wconf 85' lang='lat' dir='ltr'>Dux</span> <span class='ocrx_word' id='word_1_103' title='bbox 432 1338 584 1389; x_wconf 86' lang='lat' dir='ltr'>vetat</span> <span class='ocrx_word' id='word_1_104' title='bbox 621 1334 850 1388; x_wconf 89' lang='lat' dir='ltr'>Iasides:</span> <span class='ocrx_word' id='word_1_105' title='bbox 893 1332 1098 1387; x_wconf 69' lang='lat' dir='ltr'>‘Manet</span> <span class='ocrx_word' id='word_1_106' title='bbox 1135 1333 1327 1401; x_wconf 89' lang='lat' dir='ltr'>ingens</span> <span class='ocrx_word' id='word_1_107' title='bbox 1369 1333 1526 1402; x_wconf 86' lang='lat' dir='ltr'>copia</span> <span class='ocrx_word' id='word_1_108' title='bbox 1563 1333 1685 1402; x_wconf 90' lang='lat' dir='ltr'>leti,</span> 
     </span>
    </p>

    <p class='ocr_par' dir='ltr' id='par_1_9' title="bbox 146 1407 1967 1629">
     <span class='ocr_line' id='line_1_18' title="bbox 146 1407 1967 1477; baseline 0 -18"><span class='ocrx_word' id='word_1_109' title='bbox 146 1419 238 1461; x_wconf 86' lang='lat'>915</span> <span class='ocrx_word' id='word_1_110' title='bbox 269 1407 314 1461; x_wconf 92' lang='grc' dir='ltr'>Ο</span> <span class='ocrx_word' id='word_1_111' title='bbox 354 1409 597 1462; x_wconf 84' lang='lat' dir='ltr'>iuvenes!</span> <span class='ocrx_word' id='word_1_112' title='bbox 639 1411 850 1462; x_wconf 87' lang='lat' dir='ltr'>servate</span> <span class='ocrx_word' id='word_1_113' title='bbox 892 1408 1100 1461; x_wconf 92' lang='lat' dir='ltr'>animos</span> <span class='ocrx_word' id='word_1_114' title='bbox 1141 1407 1463 1477; x_wconf 86' lang='lat' dir='ltr'>avidumque</span> <span class='ocrx_word' id='word_1_115' title='bbox 1502 1407 1740 1460; x_wconf 88' lang='lat' dir='ltr'>furorem</span> <span class='ocrx_word' id='word_1_116' title='bbox 1873 1419 1967 1461; x_wconf 74' lang='grc'>890,</span> 
     </span>
     <span class='ocr_line' id='line_1_19' title="bbox 270 1480 1830 1553; baseline 0.001 -18"><span class='ocrx_word' id='word_1_117' title='bbox 270 1481 562 1553; x_wconf 81' lang='lat' dir='ltr'>Sanguinis</span> <span class='ocrx_word' id='word_1_118' title='bbox 606 1483 829 1535; x_wconf 88' lang='lat' dir='ltr'>adversi.</span> <span class='ocrx_word' id='word_1_119' title='bbox 907 1481 1094 1550; x_wconf 91' lang='lat' dir='ltr'>Tuque</span> <span class='ocrx_word' id='word_1_120' title='bbox 1134 1499 1188 1551; x_wconf 83' lang='grc' dir='ltr'>ο,</span> <span class='ocrx_word' id='word_1_121' title='bbox 1227 1499 1386 1551; x_wconf 87' lang='lat' dir='ltr'>quem</span> <span class='ocrx_word' id='word_1_122' title='bbox 1417 1484 1640 1550; x_wconf 91' lang='lat' dir='ltr'>propter</span> <span class='ocrx_word' id='word_1_123' title='bbox 1678 1480 1830 1538; x_wconf 72' lang='lat' dir='ltr'>avita..</span> 
     </span>
     <span class='ocr_line' id='line_1_20' title="bbox 267 1555 1498 1629; baseline -0.001 -20"><span class='ocrx_word' id='word_1_124' title='bbox 267 1556 487 1629; x_wconf 83' lang='lat' dir='ltr'>Iugera,</span> <span class='ocrx_word' id='word_1_125' title='bbox 528 1557 750 1610; x_wconf 89' lang='lat' dir='ltr'>dilectas</span> <span class='ocrx_word' id='word_1_126' title='bbox 792 1557 877 1609; x_wconf 89' lang='lat' dir='ltr'>cui</span> <span class='ocrx_word' id='word_1_127' title='bbox 916 1555 1276 1609; x_wconf 87' lang='lat' dir='ltr'>desolavimus</span> <span class='ocrx_word' id='word_1_128' title='bbox 1315 1556 1498 1623; x_wconf 86' lang='lat' dir='ltr'>urbes,</span> 
     </span>
    </p>

    <p class='ocr_par' dir='ltr' id='par_1_10' title="bbox 268 1629 1801 1774">
     <span class='ocr_line' id='line_1_21' title="bbox 269 1629 1799 1701; baseline -0.002 -17"><span class='ocrx_word' id='word_1_129' title='bbox 269 1630 375 1701; x_wconf 82' lang='lat' dir='ltr'>Ne,</span> <span class='ocrx_word' id='word_1_130' title='bbox 414 1633 629 1700; x_wconf 80' lang='lat' dir='ltr'>precor,</span> <span class='ocrx_word' id='word_1_131' title='bbox 672 1633 799 1683; x_wconf 87' lang='lat' dir='ltr'>ante</span> <span class='ocrx_word' id='word_1_132' title='bbox 840 1629 1010 1682; x_wconf 87' lang='lat' dir='ltr'>aciem</span> <span class='ocrx_word' id='word_1_133' title='bbox 1049 1630 1132 1682; x_wconf 90' lang='lat' dir='ltr'>ius</span> <span class='ocrx_word' id='word_1_134' title='bbox 1173 1632 1389 1682; x_wconf 89' lang='lat' dir='ltr'>tantum</span> <span class='ocrx_word' id='word_1_135' title='bbox 1428 1629 1643 1682; x_wconf 88' lang='lat' dir='ltr'>casibus</span> <span class='ocrx_word' id='word_1_136' title='bbox 1683 1646 1799 1682; x_wconf 89' lang='lat' dir='ltr'>esse</span> 
     </span>
     <span class='ocr_line' id='line_1_22' title="bbox 268 1701 1801 1774; baseline -0.001 -18"><span class='ocrx_word' id='word_1_137' title='bbox 268 1703 655 1774; x_wconf 83' lang='lat' dir='ltr'>Fraternisque</span> <span class='ocrx_word' id='word_1_138' title='bbox 696 1704 843 1756; x_wconf 90' lang='lat' dir='ltr'>sinas</span> <span class='ocrx_word' id='word_1_139' title='bbox 886 1702 1135 1773; x_wconf 89' lang='lat' dir='ltr'>(abigant</span> <span class='ocrx_word' id='word_1_140' title='bbox 1172 1703 1276 1755; x_wconf 90' lang='lat' dir='ltr'>hoc</span> <span class='ocrx_word' id='word_1_141' title='bbox 1314 1701 1585 1771; x_wconf 79' lang='lat' dir='ltr'>numinal)</span> <span class='ocrx_word' id='word_1_142' title='bbox 1625 1701 1801 1755; x_wconf 63' lang='lat' dir='ltr'>votis?</span> 
     </span>
    </p>

    <p class='ocr_par' dir='ltr' id='par_1_11' title="bbox 146 1776 1958 2055">
     <span class='ocr_line' id='line_1_23' title="bbox 146 1776 1958 1847; baseline -0.001 -17"><span class='ocrx_word' id='word_1_143' title='bbox 146 1788 241 1831; x_wconf 79' lang='lat'>920</span> <span class='ocrx_word' id='word_1_144' title='bbox 274 1776 363 1832; x_wconf 80' lang='lat' dir='ltr'>Sic</span> <span class='ocrx_word' id='word_1_145' title='bbox 403 1779 500 1847; x_wconf 86' lang='lat' dir='ltr'>ait,</span> <span class='ocrx_word' id='word_1_146' title='bbox 541 1782 703 1847; x_wconf 90' lang='lat' dir='ltr'>atque</span> <span class='ocrx_word' id='word_1_147' title='bbox 744 1778 932 1830; x_wconf 90' lang='lat' dir='ltr'>ambos</span> <span class='ocrx_word' id='word_1_148' title='bbox 974 1780 1166 1830; x_wconf 91' lang='lat' dir='ltr'>aurata</span> <span class='ocrx_word' id='word_1_149' title='bbox 1205 1777 1415 1830; x_wconf 90' lang='lat' dir='ltr'>casside</span> <span class='ocrx_word' id='word_1_150' title='bbox 1457 1776 1609 1828; x_wconf 90' lang='lat' dir='ltr'>ditat.</span> <span class='ocrx_word' id='word_1_151' title='bbox 1873 1787 1958 1830; x_wconf 84' lang='grc'>895</span> 
     </span>
     <span class='ocr_line' id='line_1_24' title="bbox 271 1848 1863 1922; baseline -0.001 -17"><span class='ocrx_word' id='word_1_152' title='bbox 271 1852 410 1905; x_wconf 83' lang='grc' dir='ltr'>Τ11111</span> <span class='ocrx_word' id='word_1_153' title='bbox 451 1869 732 1922; x_wconf 83' lang='lat' dir='ltr'>generum,</span> <span class='ocrx_word' id='word_1_154' title='bbox 772 1870 840 1904; x_wconf 92' lang='lat' dir='ltr'>ne</span> <span class='ocrx_word' id='word_1_155' title='bbox 877 1850 1055 1903; x_wconf 91' lang='lat' dir='ltr'>laudis</span> <span class='ocrx_word' id='word_1_156' title='bbox 1096 1867 1284 1920; x_wconf 85' lang='lat' dir='ltr'>egens,</span> <span class='ocrx_word' id='word_1_157' title='bbox 1323 1851 1475 1904; x_wconf 91' lang='lat' dir='ltr'>iubet</span> <span class='ocrx_word' id='word_1_158' title='bbox 1514 1849 1682 1902; x_wconf 88' lang='lat' dir='ltr'>ardua</span> <span class='ocrx_word' id='word_1_159' title='bbox 1718 1848 1863 1903; x_wconf 89' lang='lat' dir='ltr'>necti</span> 
     </span>
     <span class='ocr_line' id='line_1_25' title="bbox 270 1923 1611 1997; baseline -0.002 -19"><span class='ocrx_word' id='word_1_160' title='bbox 270 1925 542 1997; x_wconf 90' lang='lat' dir='ltr'>Tempora</span> <span class='ocrx_word' id='word_1_161' title='bbox 581 1925 996 1994; x_wconf 90' lang='lat' dir='ltr'>Thebarumque</span> <span class='ocrx_word' id='word_1_162' title='bbox 1027 1925 1243 1994; x_wconf 85' lang='lat' dir='ltr'>ingenti</span> <span class='ocrx_word' id='word_1_163' title='bbox 1282 1942 1412 1978; x_wconf 87' lang='lat' dir='ltr'>voce</span> <span class='ocrx_word' id='word_1_164' title='bbox 1452 1923 1611 1978; x_wconf 89' lang='lat' dir='ltr'>citari</span> 
     </span>
     <span class='ocr_line' id='line_1_26' title="bbox 269 1998 1688 2055; baseline -0.003 -1"><span class='ocrx_word' id='word_1_165' title='bbox 269 1999 571 2055; x_wconf 90' lang='lat' dir='ltr'>Victorem:</span> <span class='ocrx_word' id='word_1_166' title='bbox 613 2000 762 2053; x_wconf 90' lang='lat' dir='ltr'>dirae</span> <span class='ocrx_word' id='word_1_167' title='bbox 801 1999 1117 2052; x_wconf 91' lang='lat' dir='ltr'>recinebant</span> <span class='ocrx_word' id='word_1_168' title='bbox 1157 1999 1341 2052; x_wconf 90' lang='lat' dir='ltr'>omina</span> <span class='ocrx_word' id='word_1_169' title='bbox 1379 1998 1594 2052; x_wconf 89' lang='lat' dir='ltr'>Parcae.</span> <span class='ocrx_word' id='word_1_170' title='bbox 1681 2000 1688 2001; x_wconf 59' lang='grc'><em>’</em></span> 
     </span>
    </p>

    <p class='ocr_par' dir='ltr' id='par_1_12' title="bbox 342 2071 1740 2144">
     <span class='ocr_line' id='line_1_27' title="bbox 342 2071 1740 2144; baseline -0.002 -18"><span class='ocrx_word' id='word_1_171' title='bbox 342 2075 530 2144; x_wconf 90' lang='lat' dir='ltr'>Ipsum</span> <span class='ocrx_word' id='word_1_172' title='bbox 571 2074 737 2127; x_wconf 89' lang='lat' dir='ltr'>etiam</span> <span class='ocrx_word' id='word_1_173' title='bbox 776 2073 999 2143; x_wconf 87' lang='lat' dir='ltr'>proprio</span> <span class='ocrx_word' id='word_1_174' title='bbox 1040 2073 1337 2126; x_wconf 88' lang='lat' dir='ltr'>certamina</span> <span class='ocrx_word' id='word_1_175' title='bbox 1376 2072 1516 2125; x_wconf 89' lang='lat' dir='ltr'>festa</span> <span class='ocrx_word' id='word_1_176' title='bbox 1554 2071 1740 2124; x_wconf 92' lang='lat' dir='ltr'>labore</span> 
     </span>
    </p>

    <p class='ocr_par' dir='ltr' id='par_1_13' title="bbox 145 2144 1960 2512">
     <span class='ocr_line' id='line_1_28' title="bbox 145 2144 1960 2219; baseline -0.001 -18"><span class='ocrx_word' id='word_1_177' title='bbox 145 2157 240 2202; x_wconf 79' lang='lat'>925</span> <span class='ocrx_word' id='word_1_178' title='bbox 271 2148 503 2219; x_wconf 88' lang='lat' dir='ltr'>Dignari</span> <span class='ocrx_word' id='word_1_179' title='bbox 537 2152 591 2202; x_wconf 93' lang='lat' dir='ltr'>et</span> <span class='ocrx_word' id='word_1_180' title='bbox 622 2148 833 2200; x_wconf 90' lang='lat' dir='ltr'>tumulo</span> <span class='ocrx_word' id='word_1_181' title='bbox 863 2165 1173 2215; x_wconf 90' lang='lat' dir='ltr'>supremum</span> <span class='ocrx_word' id='word_1_182' title='bbox 1197 2147 1339 2199; x_wconf 93' lang='lat' dir='ltr'>hunc</span> <span class='ocrx_word' id='word_1_183' title='bbox 1365 2145 1556 2198; x_wconf 89' lang='lat' dir='ltr'>addere</span> <span class='ocrx_word' id='word_1_184' title='bbox 1580 2144 1841 2197; x_wconf 93' lang='lat' dir='ltr'>honorem</span> <span class='ocrx_word' id='word_1_185' title='bbox 1873 2157 1960 2199; x_wconf 89' lang='grc'>900</span> 
     </span>
     <span class='ocr_line' id='line_1_29' title="bbox 270 2219 1541 2290; baseline -0.002 -17"><span class='ocrx_word' id='word_1_186' title='bbox 270 2221 578 2275; x_wconf 89' lang='lat' dir='ltr'>Hortantur</span> <span class='ocrx_word' id='word_1_187' title='bbox 617 2239 863 2290; x_wconf 88' lang='lat' dir='ltr'>proceres</span> <span class='ocrx_word' id='word_1_188' title='bbox 906 2238 988 2287; x_wconf 88' lang='lat' dir='ltr'>ac,</span> <span class='ocrx_word' id='word_1_189' title='bbox 1028 2238 1095 2272; x_wconf 93' lang='lat' dir='ltr'>ne</span> <span class='ocrx_word' id='word_1_190' title='bbox 1135 2219 1364 2273; x_wconf 89' lang='lat' dir='ltr'>victoria</span> <span class='ocrx_word' id='word_1_191' title='bbox 1402 2219 1541 2271; x_wconf 90' lang='lat' dir='ltr'>desit</span> 
     </span>
     <span class='ocr_line' id='line_1_30' title="bbox 269 2291 1713 2362; baseline -0.003 -15"><span class='ocrx_word' id='word_1_192' title='bbox 269 2293 395 2348; x_wconf 91' lang='lat' dir='ltr'>Una</span> <span class='ocrx_word' id='word_1_193' title='bbox 434 2296 629 2347; x_wconf 91' lang='lat' dir='ltr'>ducum</span> <span class='ocrx_word' id='word_1_194' title='bbox 668 2312 915 2362; x_wconf 82' lang='lat' dir='ltr'>numero,</span> <span class='ocrx_word' id='word_1_195' title='bbox 954 2293 1149 2346; x_wconf 90' lang='lat' dir='ltr'>fundat</span> <span class='ocrx_word' id='word_1_196' title='bbox 1187 2294 1273 2346; x_wconf 85' lang='lat' dir='ltr'>vel</span> <span class='ocrx_word' id='word_1_197' title='bbox 1313 2291 1507 2361; x_wconf 78' lang='lat' dir='ltr'>L‘yctia</span> <span class='ocrx_word' id='word_1_198' title='bbox 1546 2309 1713 2345; x_wconf 91' lang='lat' dir='ltr'>cornu</span> 
     </span>
     <span class='ocr_line' id='line_1_31' title="bbox 271 2366 1698 2437; baseline -0.002 -16"><span class='ocrx_word' id='word_1_199' title='bbox 271 2368 404 2421; x_wconf 93' lang='lat' dir='ltr'>Tela</span> <span class='ocrx_word' id='word_1_200' title='bbox 443 2371 668 2437; x_wconf 80' lang='lat' dir='ltr'>rogant,</span> <span class='ocrx_word' id='word_1_201' title='bbox 707 2368 857 2421; x_wconf 91' lang='lat' dir='ltr'>tenui</span> <span class='ocrx_word' id='word_1_202' title='bbox 895 2368 979 2421; x_wconf 85' lang='lat' dir='ltr'>vel</span> <span class='ocrx_word' id='word_1_203' title='bbox 1019 2367 1205 2420; x_wconf 90' lang='lat' dir='ltr'>nubila</span> <span class='ocrx_word' id='word_1_204' title='bbox 1242 2369 1486 2420; x_wconf 88' lang='lat' dir='ltr'>transeat</span> <span class='ocrx_word' id='word_1_205' title='bbox 1523 2366 1698 2419; x_wconf 87' lang='lat' dir='ltr'>hasta.</span> 
     </span>
     <span class='ocr_line' id='line_1_32' title="bbox 273 2438 1925 2512; baseline -0.001 -17"><span class='ocrx_word' id='word_1_206' title='bbox 273 2440 605 2512; x_wconf 88' lang='lat' dir='ltr'>Obsequitur</span> <span class='ocrx_word' id='word_1_207' title='bbox 645 2438 910 2512; x_wconf 68' lang='lat' dir='ltr'>gaudem,</span> <span class='ocrx_word' id='word_1_208' title='bbox 950 2441 1212 2510; x_wconf 89' lang='lat' dir='ltr'>viridique</span> <span class='ocrx_word' id='word_1_209' title='bbox 1253 2460 1316 2494; x_wconf 87' lang='lat' dir='ltr'>ex</span> <span class='ocrx_word' id='word_1_210' title='bbox 1357 2457 1555 2511; x_wconf 88' lang='lat' dir='ltr'>aggere</span> <span class='ocrx_word' id='word_1_211' title='bbox 1594 2440 1651 2492; x_wconf 93' lang='lat' dir='ltr'>in</span> <span class='ocrx_word' id='word_1_212' title='bbox 1691 2457 1925 2509; x_wconf 89' lang='lat' dir='ltr'>aequum</span> 
     </span>
    </p>

    <p class='ocr_par' dir='ltr' id='par_1_14' title="bbox 152 2514 1959 2586">
     <span class='ocr_line' id='line_1_33' title="bbox 152 2514 1959 2586; baseline -0.003 -16"><span class='ocrx_word' id='word_1_213' title='bbox 152 2528 244 2572; x_wconf 90' lang='lat'>930</span> <span class='ocrx_word' id='word_1_214' title='bbox 275 2514 520 2586; x_wconf 83' lang='lat' dir='ltr'>Stipatus</span> <span class='ocrx_word' id='word_1_215' title='bbox 562 2516 785 2569; x_wconf 89' lang='lat' dir='ltr'>summis</span> <span class='ocrx_word' id='word_1_216' title='bbox 825 2516 1078 2568; x_wconf 84' lang='lat' dir='ltr'>iuvenum</span> <span class='ocrx_word' id='word_1_217' title='bbox 1120 2515 1416 2586; x_wconf 88' lang='lat' dir='ltr'>descendit;</span> <span class='ocrx_word' id='word_1_218' title='bbox 1457 2517 1514 2568; x_wconf 89' lang='lat' dir='ltr'>at</span> <span class='ocrx_word' id='word_1_219' title='bbox 1550 2514 1631 2566; x_wconf 90' lang='lat' dir='ltr'>illi</span> <span class='ocrx_word' id='word_1_220' title='bbox 1873 2524 1959 2566; x_wconf 83' lang='lat'>905</span> 
     </span>
    </p>
   </div>
   <div class='ocr_carea' id='block_1_4' title="bbox 269 2622 624 2629">
    <p class='ocr_par' dir='ltr' id='par_1_15' title="bbox 269 2622 624 2629">
     <span class='ocr_line' id='line_1_34' title="bbox 269 2622 624 2629; baseline 0 587"><span class='ocrx_word' id='word_1_221' title='bbox 269 2622 624 2629; x_wconf 95' lang='lat' dir='ltr'> </span> 
     </span>
    </p>
   </div>
   <div class='ocr_carea' id='block_1_5' title="bbox 268 2656 1959 2956">
    <p class='ocr_par' dir='ltr' id='par_1_16' title="bbox 268 2656 1959 2956">
     <span class='ocr_line' id='line_1_35' title="bbox 390 2656 1959 2717; baseline -0.004 -11"><span class='ocrx_word' id='word_1_222' title='bbox 390 2666 475 2706; x_wconf 87' lang='grc'>886</span> <span class='ocrx_word' id='word_1_223' title='bbox 515 2675 668 2706; x_wconf 80' lang='lat' dir='ltr'>versus</span> <span class='ocrx_word' id='word_1_224' title='bbox 699 2662 751 2706; x_wconf 74' lang='lat' dir='ltr'>in</span> <span class='ocrx_word' id='word_1_225' title='bbox 783 2666 817 2703; x_wconf 81' lang='lat' dir='ltr'><strong>G</strong></span> <span class='ocrx_word' id='word_1_226' title='bbox 855 2675 949 2706; x_wconf 70' lang='lat' dir='ltr'>ozon</span> <span class='ocrx_word' id='word_1_227' title='bbox 987 2665 1111 2706; x_wconf 78' lang='lat' dir='ltr'>extat</span> <span class='ocrx_word' id='word_1_228' title='bbox 1142 2663 1156 2717; x_wconf 90' lang='grc' dir='ltr'>ΙΙ</span> <span class='ocrx_word' id='word_1_229' title='bbox 1187 2666 1272 2705; x_wconf 82' lang='grc'>892</span> <span class='ocrx_word' id='word_1_230' title='bbox 1307 2660 1513 2705; x_wconf 90' lang='lat' dir='ltr'>delectas</span> <span class='ocrx_word' id='word_1_231' title='bbox 1545 2664 1578 2702; x_wconf 99' lang='lat' dir='ltr'>P</span> <span class='ocrx_word' id='word_1_232' title='bbox 1605 2661 1613 2715; x_wconf 83' lang='grc' dir='ltr'>Ι</span> <span class='ocrx_word' id='word_1_233' title='bbox 1640 2656 1959 2703; x_wconf 81' lang='lat' dir='ltr'>desolabimus</span> 
     </span>
     <span class='ocr_line' id='line_1_36' title="bbox 270 2715 1959 2777; baseline -0.002 -13"><span class='ocrx_word' id='word_1_234' title='bbox 270 2726 338 2764; x_wconf 76' lang='grc' dir='ltr'>ΡΒ</span> <span class='ocrx_word' id='word_1_235' title='bbox 369 2722 383 2777; x_wconf 85' lang='grc' dir='ltr'>ΙΙ</span> <span class='ocrx_word' id='word_1_236' title='bbox 415 2725 502 2767; x_wconf 85' lang='grc'>894</span> <span class='ocrx_word' id='word_1_237' title='bbox 543 2718 749 2764; x_wconf 86' lang='lat' dir='ltr'>abiciant</span> <span class='ocrx_word' id='word_1_238' title='bbox 780 2725 811 2762; x_wconf 87' lang='lat' dir='ltr'>P</span> <span class='ocrx_word' id='word_1_239' title='bbox 843 2723 858 2777; x_wconf 79' lang='lat' dir='ltr'>u</span> <span class='ocrx_word' id='word_1_240' title='bbox 890 2726 974 2765; x_wconf 88' lang='grc'>896</span> <span class='ocrx_word' id='word_1_241' title='bbox 1014 2720 1132 2764; x_wconf 82' lang='grc' dir='ltr'>Τ11111</span> <span class='ocrx_word' id='word_1_242' title='bbox 1161 2719 1297 2762; x_wconf 78' lang='lat' dir='ltr'><strong>BSG²</strong></span> <span class='ocrx_word' id='word_1_243' title='bbox 1329 2721 1440 2765; x_wconf 83' lang='lat' dir='ltr'>Beh.</span> <span class='ocrx_word' id='word_1_244' title='bbox 1476 2722 1633 2762; x_wconf 71' lang='lat' dir='ltr'>boHT</span> <span class='ocrx_word' id='word_1_245' title='bbox 1670 2718 1797 2762; x_wconf 78' lang='lat' dir='ltr'>Dan.</span> <span class='ocrx_word' id='word_1_246' title='bbox 1829 2715 1959 2760; x_wconf 88' lang='lat' dir='ltr'>Tunc</span> 
     </span>
     <span class='ocr_line' id='line_1_37' title="bbox 269 2775 1955 2837; baseline -0.002 -14"><span class='ocrx_word' id='word_1_247' title='bbox 269 2785 353 2823; x_wconf 72' lang='lat' dir='ltr'>PM</span> <span class='ocrx_word' id='word_1_248' title='bbox 386 2782 482 2826; x_wconf 81' lang='lat' dir='ltr'>edd.</span> <span class='ocrx_word' id='word_1_249' title='bbox 513 2783 519 2837; x_wconf 80' lang='grc' dir='ltr'>Ι</span> <span class='ocrx_word' id='word_1_250' title='bbox 547 2793 771 2837; x_wconf 84' lang='lat' dir='ltr'>generum</span> <span class='ocrx_word' id='word_1_251' title='bbox 793 2784 825 2821; x_wconf 89' lang='lat' dir='ltr'>P</span> <span class='ocrx_word' id='word_1_252' title='bbox 858 2792 1029 2836; x_wconf 83' lang='lat' dir='ltr'>genero</span> <span class='ocrx_word' id='word_1_253' title='bbox 1055 2780 1187 2825; x_wconf 80' lang='lat' dir='ltr'>ceteri</span> <span class='ocrx_word' id='word_1_254' title='bbox 1209 2781 1223 2835; x_wconf 84' lang='grc'>11</span> <span class='ocrx_word' id='word_1_255' title='bbox 1248 2783 1332 2823; x_wconf 88' lang='grc'>898</span> <span class='ocrx_word' id='word_1_256' title='bbox 1366 2780 1614 2823; x_wconf 86' lang='lat' dir='ltr'>Rectorem</span> <span class='ocrx_word' id='word_1_257' title='bbox 1640 2775 1955 2834; x_wconf 61' lang='lat' dir='ltr'>Peyrwredusl</span> 
     </span>
     <span class='ocr_line' id='line_1_38' title="bbox 268 2834 1959 2893; baseline -0.002 -11"><span class='ocrx_word' id='word_1_258' title='bbox 268 2839 545 2884; x_wconf 87' lang='lat' dir='ltr'>recinebant</span> <span class='ocrx_word' id='word_1_259' title='bbox 562 2844 682 2882; x_wconf 74' lang='lat' dir='ltr'>-PSB,</span> <span class='ocrx_word' id='word_1_260' title='bbox 704 2838 973 2883; x_wconf 82' lang='lat' dir='ltr'>retinebant</span> <span class='ocrx_word' id='word_1_261' title='bbox 996 2839 1151 2882; x_wconf 73' lang='lat' dir='ltr'><strong>BG2M</strong></span> <span class='ocrx_word' id='word_1_262' title='bbox 1180 2838 1459 2882; x_wconf 88' lang='lat' dir='ltr'>resecabant</span> <span class='ocrx_word' id='word_1_263' title='bbox 1482 2841 1517 2880; x_wconf 74' lang='lat' dir='ltr'>G</span> <span class='ocrx_word' id='word_1_264' title='bbox 1543 2838 1550 2893; x_wconf 90' lang='grc' dir='ltr'>Ι</span> <span class='ocrx_word' id='word_1_265' title='bbox 1576 2848 1744 2892; x_wconf 87' lang='lat' dir='ltr'>parrae</span> <span class='ocrx_word' id='word_1_266' title='bbox 1769 2834 1959 2879; x_wconf 79' lang='lat' dir='ltr'>Muelle-</span> 
     </span>
     <span class='ocr_line' id='line_1_39' title="bbox 269 2896 1876 2956; baseline -0.004 -12"><span class='ocrx_word' id='word_1_267' title='bbox 269 2913 349 2945; x_wconf 83' lang='lat' dir='ltr'>rus</span> <span class='ocrx_word' id='word_1_268' title='bbox 371 2901 386 2955; x_wconf 84' lang='grc'>11</span> <span class='ocrx_word' id='word_1_269' title='bbox 412 2904 495 2945; x_wconf 90' lang='grc'>899</span> <span class='ocrx_word' id='word_1_270' title='bbox 528 2899 654 2943; x_wconf 83' lang='lat' dir='ltr'>fessa</span> <span class='ocrx_word' id='word_1_271' title='bbox 684 2904 716 2942; x_wconf 88' lang='lat' dir='ltr'>P</span> <span class='ocrx_word' id='word_1_272' title='bbox 740 2900 753 2955; x_wconf 87' lang='grc' dir='ltr'>ΙΙ</span> <span class='ocrx_word' id='word_1_273' title='bbox 779 2903 864 2943; x_wconf 88' lang='grc'>900</span> <span class='ocrx_word' id='word_1_274' title='bbox 895 2897 1089 2942; x_wconf 90' lang='lat' dir='ltr'>tumulis</span> <span class='ocrx_word' id='word_1_275' title='bbox 1121 2903 1153 2940; x_wconf 89' lang='lat' dir='ltr'>P</span> <span class='ocrx_word' id='word_1_276' title='bbox 1182 2899 1187 2954; x_wconf 89' lang='grc' dir='ltr'>Ι</span> <span class='ocrx_word' id='word_1_277' title='bbox 1215 2896 1412 2956; x_wconf 72' lang='lat' dir='ltr'>honorsss</span> <span class='ocrx_word' id='word_1_278' title='bbox 1437 2901 1470 2939; x_wconf 91' lang='lat' dir='ltr'>P</span> <span class='ocrx_word' id='word_1_279' title='bbox 1492 2898 1507 2953; x_wconf 85' lang='grc' dir='ltr'>ΙΙ</span> <span class='ocrx_word' id='word_1_280' title='bbox 1531 2900 1618 2940; x_wconf 83' lang='grc'>904</span> <span class='ocrx_word' id='word_1_281' title='bbox 1650 2908 1813 2939; x_wconf 86' lang='lat' dir='ltr'>aecum</span> <span class='ocrx_word' id='word_1_282' title='bbox 1844 2898 1876 2937; x_wconf 92' lang='lat' dir='ltr'>P</span> 
     </span>
    </p>
   </div>
  </div>
 </body>
</html>
