2008 3198
230 195 334 248 106
796 194 847 237 Ρ.
880 193 1109 239 PAPINII
1141 193 1335 240 STATII

183 324 193 330 '
226 315 475 369 Tantalis
515 319 570 368 et
607 314 815 368 tumido
854 317 1137 384 percenset
1174 314 1366 367 funera
1402 315 1580 385 vultu,
1666 319 1669 321 ’

226 388 322 442 Nil
361 390 567 442 deiecta
606 388 786 460 malie,
826 388 976 442 iuvat
1016 387 1267 459 effugisse
1307 387 1528 442 deorum

224 462 465 516 Numina
505 465 559 515 et
597 463 821 516 insanae
858 462 983 532 plus
1022 463 1132 515 iam
1170 462 1484 532 permittere
1523 462 1779 533 linguae?

301 536 457 589 Talia
497 535 622 589 dum
661 537 807 606 patri
846 537 992 589 canit
1029 536 1351 590 intemerata
1391 537 1661 607 sacerdOS,

226 610 380 663 Illius
422 611 579 663 elatis
618 610 936 664 tremefacta
977 610 1266 680 adsurgere
1305 611 1458 664 vittis
1826 624 1913 666 580

225 682 469 737 Canities
513 689 810 753 tenuesque
850 684 1056 753 impelli
1098 685 1357 754 sanguine
1395 685 1592 738 vultus,

224 757 339 811 Nec
377 758 487 810 iam
524 758 766 811 firmanti
803 759 998 811 baculo
1038 776 1138 812 nec
1174 758 1383 827 virgine
1422 758 1530 812 fida

224 831 457 897 Nititur,
498 836 813 902 erectusque
855 833 969 885 solo
1013 831 1230 885 ‘desiste
1270 832 1533 901 canende,

222 905 278 959 N
281 905 388 959 ata'
430 906 529 975 ait,
570 906 840 959 eexternae
881 906 1015 959 satis
1057 909 1138 959 est
1177 905 1314 958 mihi
1347 906 1510 975 lucis,
1549 906 1750 959 inertes

225 979 524 1033 Discedunt
561 981 813 1049 nebulae,
852 982 906 1032 et
943 981 1152 1032 vultum
1190 980 1345 1050 niger
1385 980 1555 1033 exerit
1593 990 1700 1033 aer.
1828 992 1915 1035 585

224 1053 516 1107 Umbrisne
557 1072 625 1107 an
666 1072 859 1123 supero
901 1053 1153 1107 dimissus
1193 1053 1447 1123 Apolline
1487 1054 1722 1124 complet

227 1126 499 1196 Spiritus?
539 1145 606 1180 en
643 1128 798 1181 video
840 1146 1172 1198 quacumque
1212 1128 1418 1181 audita:
1459 1127 1553 1181 sed
1593 1145 1712 1181 ecce

223 1201 471 1253 Maerent
510 1201 753 1271 Argolici
794 1201 1000 1254 deiecto
1040 1202 1241 1255 lumine
1281 1203 1489 1254 manes!

220 1274 433 1328 'Torvus
475 1273 623 1328 Abas
662 1276 998 1344 Proctusque
1036 1294 1234 1329 nocens
1275 1276 1529 1345 mitisque
1568 1274 1884 1329 Phoroneus

228 1348 635 1418 Truncatusque
674 1349 872 1418 Pelops
914 1352 968 1402 et
1006 1368 1167 1403 saevo
1205 1350 1427 1419 pulvere
1467 1349 1688 1402 sordens
1827 1362 1915 1404 590

219 1421 531 1476 Oenomaus
571 1423 742 1492 largis
781 1426 1062 1476 umectant
1099 1424 1365 1476 imbribus
1405 1441 1514 1476 ora.

224 1495 481 1567 Auguror
521 1497 647 1550 hinc
685 1496 887 1550 Thebis
926 1497 1059 1550 belli
1097 1498 1340 1551 meliora.
1418 1496 1558 1559 Quid
1597 1498 1778 1550 autem

222 1568 298 1621 Hi
323 1587 487 1641 grege
513 1572 783 1624 condenso
810 1569 1096 1640 (quantum
1115 1591 1263 1625 arma
1282 1574 1336 1624 et
1352 1571 1578 1624 vulnera
1594 1572 1915 1640 monstrant,

223 1643 505 1714 Pugnaces
547 1645 784 1715 animae)
822 1645 982 1698 nobis
1022 1646 1077 1698 in
1120 1646 1382 1715 sanguine
1422 1645 1594 1697 multo

220 1716 437 1786 Oraque
478 1721 805 1788 pectoraque
846 1722 901 1770 et
938 1719 1079 1771 falso
1121 1719 1353 1771 clamore
1393 1719 1600 1770 levatas
1826 1729 1913 1770 595

221 1790 521 1844 Intendunt
561 1791 676 1844 sine
715 1810 846 1860 pace
885 1792 1113 1845 manus?
1170 1792 1313 1860 Rex,
1350 1792 1539 1860 fallor,
1580 1808 1649 1844 an
1688 1790 1748 1843 hi
1787 1793 1915 1844 sunt

221 1863 632 1936 Quinquaginta
669 1866 791 1918 illi?
834 1867 1005 1919 cernis
1046 1864 1484 1935 Chthoniumque
1523 1863 1887 1934 Chrominque

222 1937 543 2008 Phegeaque
576 1942 630 1991 et
668 1943 858 1993 nostra
896 1940 1241 2010 praesignem
1280 1939 1512 1993 Maeona
1549 1939 1719 1991 lauro·

223 2010 306 2064 Ne
347 2013 572 2082 saevite,
612 2013 794 2082 duces,
833 2013 970 2066 nihil
1012 2013 1098 2065 hic
1137 2014 1457 2066 mortalibus
1499 2030 1715 2081 ausum,

223 2083 465 2156 Credite,
505 2088 770 2139 consiliis:
810 2087 910 2139 hos
950 2086 1124 2139 ferrea
1163 2091 1383 2138 neverat
1422 2104 1589 2139 annos
1825 2098 1912 2139 600

224 2157 477 2227 Atropos,
555 2160 761 2212 Existis
802 2178 980 2212 casus:
1021 2160 1165 2212 bella
1203 2160 1425 2212 horrida
1461 2159 1643 2225 nobie,

224 2230 404 2300 Atque
443 2233 642 2285 iterum
684 2232 930 2301 Tydeus?
1007 2233 1180 2301 Dicit,
1219 2234 1458 2302 vittaque
1498 2230 1687 2302 ligatis

224 2303 528 2358 Frondibus
568 2307 833 2358 instantes
875 2307 1050 2374 abigit
1090 2309 1463 2375 monstratque
1503 2322 1762 2359 cruorem.

342 2440 440 2480 592.
464 2436 685 2490 ‘auguror
702 2436 877 2481 —belli
892 2437 972 2480 m.’
995 2436 1304 2481 Cledonius
1323 2437 1408 2479 art.
1429 2419 1686 2492 grammp.
1706 2433 1908 2491 59,15K.

342 2558 427 2599 576
468 2553 601 2597 vultu
641 2554 921 2600 Schraderus
959 2555 1090 2599 luctu
1122 2555 1246 2599 codd.
1273 2555 1288 2608 ΙΙ
1313 2557 1395 2597 581
1437 2552 1624 2609 impleri
1666 2551 1884 2620 Gwetus·
1894 2553 1910 2612 Η

227 2615 310 2656 582
344 2625 402 2656 ne
435 2611 616 2669 virgine
648 2618 680 2655 P
712 2615 726 2670 ΙΙ
758 2618 843 2658 585
876 2614 1166 2659 Discendunt
1195 2618 1228 2655 P
1258 2611 1558 2656 Descendunt
1588 2613 1699 2657 Beh.
1728 2613 1735 2670 Ι
1763 2611 1911 2655 exerit

223 2669 552 2716 Laehmannus
599 2673 727 2715 exuit
773 2674 900 2718 codd.
940 2676 955 2729 ΙΙ
994 2678 1079 2718 586
1119 2672 1337 2716 dimissus
1378 2676 1445 2725 Pp
1486 2685 1560 2715 me
1599 2671 1767 2715 missus
1804 2671 1908 2715 reli-

221 2731 302 2786 qui
324 2733 339 2788 ΙΙ
364 2735 449 2776 587
482 2744 772 2787 quacumque
795 2737 828 2774 P
860 2744 1176 2788 quaecumque
1209 2732 1341 2775 ceteri
1362 2733 1378 2788 ΙΙ
1403 2736 1487 2775 593
1510 2730 1573 2774 Hi
1597 2735 1623 2772 S
1652 2729 1909 2774 Gronovius
2003 2765 2008 2779 2

222 2788 303 2832 Hii
333 2791 423 2834 116
453 2789 542 2833 Hic
572 2794 700 2833 PBM
723 2792 738 2846 ΙΙ
763 2796 847 2835 602
880 2793 1050 2835 iterum
1075 2798 1212 2834 mars.
1238 2791 1356 2834 haec
1381 2789 1435 2832 Ρο
1458 2789 1630 2833 iterum
1654 2787 1767 2832 deus
1790 2787 1908 2832 haec
2003 2802 2008 2832 ς

222 2850 292 2889 bB
323 2863 393 2905 pr.
425 2864 481 2893 m.
515 2850 574 2895 al
607 2864 662 2894 m.
696 2849 735 2892 ti
757 2863 984 2907 suprascr
1010 2855 1062 2895 ut
1083 2851 1206 2906 fieret
1229 2849 1383 2893 tideus
1412 2853 1417 2906 Ι
1445 2848 1681 2903 vittasque
1703 2851 1737 2889 P
1760 2846 1912 2892 Hein-
1998 2857 2008 2915 ³¹:

217 2906 319 2951 eius
341 2909 356 2965 ΙΙ
380 2913 465 2953 603
500 2907 646 2952 abicit
676 2913 707 2950 P
