2008 3198
220 181 292 234 64
789 181 838 226 P.
871 179 1103 226 PAPINII
1134 181 1327 227 s'rATn
1403 155 1406 158 ’

218 303 549 356 Phoenissae
590 319 816 355 sonuere
857 301 1069 371 domm,
1109 320 1230 355 cum
1270 303 1418 356 lassa
1454 302 1694 356 furorem

220 377 370 430 Vicit
410 380 465 430 et
505 377 573 429 ad
612 376 871 429 comitum
910 376 1163 429 lacrimas
1204 377 1420 446 expavit
1458 375 1660 446 Agave.
1825 390 1911 431 190

223 450 345 504 Una
384 451 496 504 dies
540 450 735 503 similis
775 449 889 502 fato
931 449 1213 518 specieque
1254 450 1519 502 malorum

223 524 414 594 Aequa
453 525 582 592 fuit,
624 542 728 592 qua
766 523 1149 593 magniloquos
1189 524 1291 576 luit
1328 523 1498 592 impia
1535 523 1696 576 flatus

224 598 496 667 Tantalis,
535 597 832 650 innumeris
874 615 992 650 cum
1033 597 1356 651 circumfusa
1394 596 1595 650 ruinis>

225 670 467 741 Corpora
506 675 592 725 tot
628 674 845 740 raperet
883 674 1050 739 terra,
1090 674 1175 724 tot
1215 675 1497 740 quaereret
1535 671 1704 742 ignes,

225 746 374 799 Talis
416 749 535 799 erat
572 746 726 816 vulgi
765 747 960 814 statUS,
1001 749 1055 798 et
1096 745 1173 798 sic
1211 746 1344 798 urbe
1383 746 1574 799 relicta
1829 757 1916 798 195

223 820 597 889 Primaevique
639 838 899 888 senesque
940 821 994 871 et
1032 820 1196 889 longo
1238 820 1482 872 examine
1521 822 1722 872 matres
1962 817 1965 819 ’

224 894 494 947 Invidiam
532 895 786 963 planxere
827 893 940 946 deis
981 893 1287 962 miseroque
1325 892 1566 946 tumultu

223 967 368 1021 Bina
410 987 506 1037 per
544 968 794 1038 ingentes
837 967 1116 1036 stipabant
1153 967 1344 1020 funera
1382 970 1588 1036 portas,

221 1041 416 1112 Meque
455 1042 633 1110 ipsum
673 1042 892 1094 memini
932 1039 1183 1111 (necdum
1224 1044 1352 1110 apta
1392 1041 1667 1094 doloribus
1707 1036 1882 1109 aetas)

222 1116 403 1169 Flesse
442 1118 625 1168 tamen
667 1117 977 1185 gemituque
1018 1133 1167 1168 meos
1209 1133 1468 1184 aequasse
1506 1116 1774 1184 parentes,
1810 1125 1921 1166 200

222 1190 326 1242 Illa
365 1195 551 1243 tamen
591 1190 792 1260 superi3
834 1207 933 1242 nec
973 1190 1115 1258 quod
1154 1189 1279 1258 tibi,
1320 1189 1499 1256 Delia,
1539 1191 1719 1242 castos

225 1263 548 1332 Prolapsum
585 1263 763 1316 fontes
805 1264 1022 1332 specula
1059 1266 1359 1315 temerante
1397 1262 1626 1331 profana

228 1337 352 1390 Heu
393 1338 668 1390 dominum
708 1338 889 1390 insani
926 1337 1064 1389 nihil
1105 1355 1372 1408 agnovere
1412 1336 1659 1405 Molossi,

230 1412 488 1464 Defierim
528 1411 705 1482 magis
717 1454 730 1480 ,
771 1414 866 1464 aut
904 1429 1060 1464 verso
1103 1410 1246 1481 quod
1286 1411 1547 1481 sanguine
1585 1409 1743 1463 fluxit

229 1485 294 1538 In
334 1487 543 1538 subitos
583 1486 774 1556 regina
805 1487 975 1538 lacus:
1018 1485 1093 1538 sic
1133 1485 1267 1537 dura
1306 1483 1564 1538 Sororum
1839 1494 1926 1536 205

230 1559 407 1613 Pensa
446 1560 651 1612 dabant
689 1560 969 1628 visumque
1009 1559 1143 1613 Iovi.
1219 1558 1376 1611 Nunc
1415 1558 1558 1628 regis
1598 1557 1772 1627 iniqui

233 1633 315 1686 Ob
355 1652 555 1686 noxam
594 1634 877 1686 inmeritos
917 1633 1127 1701 patriae
1168 1635 1255 1685 tot
1295 1633 1536 1685 culmina
1574 1632 1717 1684 cives

230 1707 519 1775 Exuimus,
558 1725 656 1760 nec
697 1707 872 1759 adhuc
913 1706 1104 1759 calcati
1145 1706 1376 1758 foederis
1416 1706 1594 1775 Argos

231 1781 400 1834 Fama
443 1781 609 1850 subit,
652 1785 705 1834 et
743 1781 853 1834 iam
891 1780 1157 1833 bellorum
1198 1784 1439 1833 extrema
1479 1780 1739 1832 dolemus,

233 1854 477 1917 Quantus
519 1855 669 1924 equis
711 1857 1048 1924 quantusque
1087 1854 1218 1907 viris
1257 1854 1314 1906 in
1352 1855 1571 1923 pulvere
1613 1869 1794 1906 crasso
1833 1864 1924 1907 210

233 1927 424 1982 Sudor!
467 1930 519 1982 io
561 1929 749 1998 quanti
789 1928 1001 1981 crudele
1041 1928 1307 1982 rubebitis
1349 1928 1557 1981 amnes!

357 2110 453 2149 198.
495 2105 627 2148 ‘bina
657 2131 714 2136 -
746 2106 926 2160 portas'
975 2103 1151 2149 schol.
1195 2102 1338 2146 Theb.
1373 2102 1436 2145 VI
1481 2106 1565 2145 124
1596 2116 1640 2158 p.
1676 2105 1761 2145 203
1794 2099 1842 2143 L.
1878 2125 1934 2132 -

236 2169 334 2208 200.
374 2165 441 2207 ‘et
476 2163 656 2220 gemitu
688 2190 745 2195 —
776 2164 1014 2220 parentes’
1053 2162 1202 2206 Serv.
1239 2161 1299 2205 ad
1330 2163 1444 2206 Aen.
1478 2160 1564 2204 XII
1597 2164 1666 2204 65.

359 2347 439 2384 191
487 2343 780 2398 speciemque
813 2346 844 2383 P
876 2343 889 2398 ΙΙ
924 2345 1006 2384 192
1039 2339 1331 2396 magnilocus
1363 2337 1454 2381 iuit
1483 2342 1516 2380 Ρ
1551 2340 1556 2392 Ι
1591 2336 1742 2380 fastus
1778 2335 1928 2381 Lach-

240 2415 437 2444 mamzus
468 2400 593 2444 fatus
618 2402 926 2445 Baehrensius
949 2402 964 2456 ΙΙ
993 2405 1075 2443 194
1102 2399 1307 2455 Corpora
1331 2399 1444 2453 quot
1470 2398 1507 2441 δ’
1516 2401 1558 2439 11
1581 2396 1894 2440 Marklandus
1921 2395 1936 2464 [

242 2460 357 2514 quot
396 2463 640 2514 quaereret
682 2465 715 2502 G
751 2461 769 2516 ΙΙ
810 2465 894 2504 196
935 2457 1192 2514 Primeuiq3
1243 2471 1430 2512 senesq3
1486 2457 1628 2512 Pray.
1668 2453 1950 2500 1·Primeu1.

248 2531 472 2574 senesque
509 2524 542 2560 G
575 2518 899 2574 Primaevique
934 2532 1066 2562 senes
1098 2521 1227 2560 PBM
1261 2530 1485 2571 senesque
1518 2529 1630 2560 corr.
1665 2515 1892 2559 Barthius
1921 2513 1937 2574 ΙΙ

248 2583 330 2622 197
373 2577 450 2621 dei
494 2580 560 2622 vel
597 2578 736 2621 deum
768 2579 1094 2622 Lachmannus
1117 2579 1132 2633 ΙΙ
1160 2581 1243 2620 198
1277 2576 1501 2631 augentes
1536 2574 1827 2628 Muellerusss
1854 2577 1936 2618 199

247 2635 489 2680 laboribus
524 2642 555 2679 P
580 2639 594 2692 ΙΙ
619 2643 704 2680 200
738 2637 785 2680 et
817 2637 997 2693 gemitu
1028 2636 1232 2679 maestos
1265 2634 1452 2678 imitata
1474 2634 1692 2691 parentes
1718 2631 1901 2677 Servius
1924 2631 1938 2690 ΙΙ
2004 2639 2008 2663 ‘-

249 2701 332 2740 202
358 2695 640 2752 Prolapsum
663 2695 817 2739 fontes
841 2702 873 2739 P
897 2696 1173 2752 Prolapsum
1197 2694 1256 2738 ad
1280 2694 1433 2738 fontes
1457 2694 1648 2737 1302811
1675 2695 1682 2749 Ι
1708 2692 1938 2735 temerare

240 2785 511 2838 PG2SB¹pb
545 2785 672 2830 Leid.
714 2786 974 2829 temerante
1005 2789 1037 2827 B
1076 2797 1217 2840 mary.
1254 2783 1423 2841 Prayy.
1451 2788 1491 2829 1.
1515 2786 1547 2827 2
1574 2749 1895 2848 pemeraffies
1923 2780 1936 2839 ΙΙ
1998 2796 2008 2827 ¹

249 2848 334 2887 203
366 2843 486 2886 nihil
517 2849 549 2886 L
581 2843 728 2887 nichil
764 2845 906 2899 Pras).
940 2849 965 2887 1
998 2857 1093 2887 non
1125 2843 1256 2887 ceteri
1279 2843 1294 2899 ΙΙ
1319 2847 1404 2886 208
1429 2841 1691 2885 Extuhmus
1721 2840 1939 2885 Menkius
1998 2859 2008 2894 ε,

248 2902 470 2946 Exuimur
501 2904 767 2948 Koestlimcs
