2028 3190
222 177 334 231 202
796 167 850 220 P.
881 173 1110 242 ΡΑΡΙΝΠ
1139 172 1334 219 srA'rn

221 299 596 367 Gradivusque
629 314 801 366 socer3
839 296 1114 350 Bacchum
1144 294 1602 351 haut‘mentimur
1633 298 1911 352 alumnum

225 373 300 428 Et
338 390 598 443 magnum
636 369 899 423 Alciden?
976 370 1209 423 Iactanti
1248 369 1385 422 talia
1421 368 1624 424 frustra

219 446 495 500 Turbidus
537 445 685 498 aeria
725 442 1008 512 Capaneus
1049 443 1281 497 occurrit
1317 443 1375 495 in·
1413 442 1587 497 hasta.

228 521 418 583 Qualis
459 519 553 572 ubi
591 518 824 588 primam
862 519 947 571 leo
987 536 1145 570 mane
1185 517 1453 575 cubilibus
1493 519 1625 572 atris
1827 531 1913 571 670

227 594 419 648 Erexit
457 593 665 645 rabiem
705 595 760 644 et
799 610 958 645 saevo
1001 591 1309 660 speculatur
1348 591 1414 644 ab
1457 596 1611 645 antro

228 668 341 721 Aut
381 685 598 720 cervum
637 668 731 719 aut
769 666 1007 719 nondum
1046 665 1341 718 bellantem
1380 666 1557 719 fronte
1588 667 1894 731 iuvencum,

225 743 280 795 It
320 741 538 794 fremitu
577 739 840 810 gaudenS,
878 740 1005 792 licet
1044 758 1196 792 arma
1236 756 1536 810 gregesque
1574 741 1844 794 lacessant

228 815 560 883 Venantum,
598 813 854 883 praedam
892 813 1040 866 videt
1079 816 1133 866 et
1172 831 1269 866 sua
1307 814 1532 867 vulnera
1570 814 1767 867 nescit:

230 888 318 942 Sic
358 892 476 941 tum
516 905 810 958 congressu
851 885 1134 956 Capaneus
1176 888 1392 956 gavisus
1431 889 1618 958 iniquo
1829 900 1915 941 675

224 962 492 1016 Librabat
530 978 731 1031 magna
768 964 1056 1014 venturam
1095 961 1239 1014 mole
1279 980 1606 1030 cupressum.

230 1038 373 1090 Ante
412 1040 601 1089 tamen
641 1035 791 1104 ‘quid
829 1035 1076 1087 femineis
1116 1035 1434 1088 ululatibus'
1475 1036 1674 1106 inquit,

230 1110 555 1174 ‘TerrificaS,
597 1109 879 1177 moriture,
919 1109 1102 1161 viros‘?
1143 1109 1354 1162 utinam
1392 1109 1507 1179 ipse
1547 1109 1775 1177 veniret,

226 1183 332 1238 Oui
363 1183 517 1235 furis!
550 1183 683 1236 haec
708 1182 887 1251 Tyriis
922 1201 1051 1235 cane
1077 1183 1343 1236 matribus
1357 1182 1387 1235 !'
1423 1184 1496 1236 Et
1520 1183 1680 1236 simul
1703 1183 1919 1235 hastam

230 1258 478 1326 Expulit3
518 1257 615 1310 illa
653 1256 866 1324 volanS,
907 1274 1003 1309 ceu
1040 1256 1122 1309 vis
1160 1274 1272 1309 non
1309 1257 1423 1310 ulla
1462 1261 1702 1310 moretur
1831 1268 1917 1310 680

228 1331 427 1399 Obvia,
467 1330 557 1383 vix
597 1330 781 1383 sonuit
820 1330 991 1400 clipeo
1034 1334 1088 1383 et
1125 1330 1236 1383 iam
1274 1333 1430 1401 terga
1466 1331 1697 1400 reliquit.

232 1406 402 1458 Arma
443 1404 636 1474 fluunt,
676 1404 962 1474 longisque
1002 1408 1187 1472 crepat
1227 1404 1557 1474 singultibus
1598 1423 1810 1475 aurum,

232 1479 580 1548 Eruptusque
622 1479 769 1531 sinus
809 1478 941 1531 vicit
980 1497 1151 1532 cruor.
1228 1478 1439 1532 Occidis
1482 1479 1678 1549 audax,

229 1552 448 1608 Occidis
488 1553 651 1605 Aonii
688 1571 821 1622 puer
859 1552 1030 1604 altera
1071 1571 1198 1606 cura
1237 1553 1419 1623 Lyaei.

232 1626 475 1679 Marcida
513 1629 567 1678 te
607 1626 794 1679 fractis
834 1626 1162 1694 planxerunt
1198 1626 1409 1680 Ismara
1447 1628 1675 1697 thyrsiS‚
1837 1639 1923 1680 685

236 1700 311 1752 Te
352 1699 592 1768 TmolOS,
632 1703 686 1752 te
725 1698 881 1768 Nysa
918 1700 1069 1752 ferax
1108 1700 1420 1771 Theseaque
1459 1700 1644 1755 Naxos

235 1773 311 1826 Et
350 1773 610 1826 Thebana
647 1776 799 1826 metu
836 1774 1044 1826 iuratus
1084 1773 1141 1826 in
1182 1774 1335 1844 orgia
1375 1773 1606 1846 Ganges,

311 1846 427 1900 Nec
468 1865 689 1917 segnem
730 1847 1017 1916 Argolicae
1058 1865 1273 1900 sensere
1311 1847 1571 1903 Eteoclea
1611 1852 1841 1913 turmae,

237 1921 460 1974 Parcior
500 1921 568 1973 ad
608 1921 748 1975 cives
789 1921 1061 1989 Polynicis
1101 1921 1373 1974 inhorruit
1412 1924 1572 1977 ensis.

236 1995 458 2048 Eminet
498 1997 623 2048 ante
664 1995 799 2048 alios
841 1995 949 2047 iam
988 1995 1404 2049 formidantibus
1446 2015 1577 2050 arva
1843 2008 1928 2050 690

237 2068 605 2137 Amphiaraus
649 2069 797 2137 equis
840 2087 900 2121 ac
941 2069 1113 2122 multo
1152 2070 1373 2137 pulvere
1413 2072 1578 2124 vertit

234 2141 505 2210 ‘Campum
538 2142 934 2211 indignantem:
974 2143 1176 2194 famulo
1219 2142 1377 2195 decus
1420 2144 1566 2196 addit
1605 2144 1764 2197 inane

237 2215 482 2267 Maestus
525 2219 580 2267 et
620 2219 889 2268 extremos
931 2215 1108 2267 obitus
1148 2215 1406 2269 inlustrat
1445 2217 1658 2286 Apollo.

241 2288 343 2341 Ille
385 2289 551 2340 etiam
592 2288 825 2356 clipeum
866 2288 1185 2357 galeamque
1225 2289 1462 2343 incendit
1500 2291 1707 2345 honoro

242 2361 447 2429 Sidere3
487 2379 585 2414 nec
623 2363 778 2418 tarde
816 2363 997 2430 fratri,
1039 2362 1290 2432 Gradive,
1331 2363 1548 2434 dedisti,
1845 2376 1930 2418 695

240 2434 323 2487 Ne
366 2454 471 2504 qua
510 2454 701 2488 manus
742 2439 944 2505 vatem,
984 2454 1050 2487 ne
1091 2436 1218 2505 quid
1258 2439 1509 2492 mortalia
1548 2439 1691 2492 bello

242 2509 479 2562 Laedere
519 2510 630 2562 tela
671 2514 891 2578 queant:
934 2513 1180 2562 sanctum
1222 2514 1275 2562 et
1314 2513 1619 2565 venerabile
1659 2510 1774 2566 Diti

365 2659 450 2698 667
490 2652 715 2696 mentitur
748 2655 785 2697 δ
820 2655 947 2710 prob.
985 2655 1190 2699 Bentleio
1222 2656 1237 2710 ΙΙ
1270 2661 1354 2700 670
1388 2657 1526 2700 astris
1565 2662 1598 2699 P
1641 2656 1755 2701 artis
1786 2656 1935 2699 Baeh-

242 2715 423 2757 rensius
462 2714 477 2769 ΙΙ
518 2718 597 2757 671
643 2715 882 2768 spectatur
920 2718 952 2755 P
992 2715 1005 2769 ΙΙ
1045 2717 1128 2757 683
1169 2711 1462 2770 Eruptosque
1503 2721 1536 2757 P
1573 2716 1864 2772 Ereptusque
1905 2718 1937 2756 Τ

243 2771 535 2826 Eructasque
580 2771 690 2814 Beh.
732 2773 790 2815 al.
832 2786 887 2816 m..
938 2773 1285 2827 Erumpensque
1333 2774 1440 2818 Αἶά.
1488 2773 1785 2831 Eruptusque
1833 2773 1939 2817 sinu

246 2830 472 2875 Heinsius
504 2831 518 2886 ΙΙ
551 2835 634 2874 692
674 2830 858 2874 abdidit
891 2844 1026 2874 omne
1058 2836 1102 2885 P,
1137 2833 1257 2876 unde
1288 2831 1599 2877 Baehrensius
1635 2832 1938 2890 probabiliter

244 2890 360 2934 com'.
397 2888 584 2932 addidit
617 2902 750 2932 omne
