<?xml version="1.0" encoding="UTF-8"?>
<!DOCTYPE html PUBLIC "-//W3C//DTD XHTML 1.0 Transitional//EN"
    "http://www.w3.org/TR/xhtml1/DTD/xhtml1-transitional.dtd">
<html xmlns="http://www.w3.org/1999/xhtml" xml:lang="en" lang="en">
 <head>
  <title>
</title>
<meta http-equiv="Content-Type" content="text/html;charset=utf-8" />
  <meta name='ocr-system' content='tesseract 3.04.00' />
  <meta name='ocr-capabilities' content='ocr_page ocr_carea ocr_par ocr_line ocrx_word'/>
</head>
<body>
  <div class='ocr_page' id='page_1' title='image "./operapapinius212statuoft_0342.png"; bbox 0 0 2028 3190; ppageno 0'>
   <div class='ocr_carea' id='block_1_1' title="bbox 225 167 1344 223">
    <p class='ocr_par' dir='ltr' id='par_1_1' title="bbox 225 167 1344 223">
     <span class='ocr_line' id='line_1_1' title="bbox 225 167 1344 223; baseline -0.009 0"><span class='ocrx_word' id='word_1_1' title='bbox 225 170 336 223; x_wconf 80' lang='grc'>254</span> <span class='ocrx_word' id='word_1_2' title='bbox 807 169 856 215; x_wconf 88' lang='grc' dir='ltr'>Ρ.</span> <span class='ocrx_word' id='word_1_3' title='bbox 888 168 1117 214; x_wconf 87' lang='lat' dir='ltr'>PAPINII</span> <span class='ocrx_word' id='word_1_4' title='bbox 1148 167 1344 214; x_wconf 85' lang='lat' dir='ltr'>STATII</span> 
     </span>
    </p>
   </div>
   <div class='ocr_carea' id='block_1_2' title="bbox 216 282 1921 2576">
    <p class='ocr_par' dir='ltr' id='par_1_2' title="bbox 223 282 1921 362">
     <span class='ocr_line' id='line_1_2' title="bbox 223 282 1921 362; baseline -0.001 -17"><span class='ocrx_word' id='word_1_5' title='bbox 223 282 580 362; x_wconf 72' lang='lat' dir='ltr'>Argolicique</span> <span class='ocrx_word' id='word_1_6' title='bbox 619 291 761 343; x_wconf 87' lang='lat' dir='ltr'>lares</span> <span class='ocrx_word' id='word_1_7' title='bbox 799 309 1102 360; x_wconf 90' lang='lat' dir='ltr'>numenque</span> <span class='ocrx_word' id='word_1_8' title='bbox 1142 294 1267 343; x_wconf 89' lang='lat' dir='ltr'>ante</span> <span class='ocrx_word' id='word_1_9' title='bbox 1309 290 1490 344; x_wconf 92' lang='lat' dir='ltr'>omnia</span> <span class='ocrx_word' id='word_1_10' title='bbox 1527 289 1664 346; x_wconf 91' lang='lat' dir='ltr'>Iuno</span> <span class='ocrx_word' id='word_1_11' title='bbox 1830 303 1921 345; x_wconf 88' lang='grc'>515</span> 
     </span>
    </p>

    <p class='ocr_par' dir='ltr' id='par_1_3' title="bbox 226 363 1598 437">
     <span class='ocr_line' id='line_1_3' title="bbox 226 363 1598 437; baseline -0.001 -18"><span class='ocrx_word' id='word_1_12' title='bbox 226 364 341 436; x_wconf 80' lang='lat' dir='ltr'>(Sic</span> <span class='ocrx_word' id='word_1_13' title='bbox 383 383 484 435; x_wconf 90' lang='lat' dir='ltr'>ego</span> <span class='ocrx_word' id='word_1_14' title='bbox 523 364 631 417; x_wconf 91' lang='lat' dir='ltr'>fida</span> <span class='ocrx_word' id='word_1_15' title='bbox 670 364 890 437; x_wconf 66' lang='lat' dir='ltr'>meis‘R),</span> <span class='ocrx_word' id='word_1_16' title='bbox 929 364 1114 435; x_wconf 83' lang='lat' dir='ltr'>pelagi</span> <span class='ocrx_word' id='word_1_17' title='bbox 1152 363 1455 418; x_wconf 83' lang='lat' dir='ltr'><strong>crudelibus</strong></span> <span class='ocrx_word' id='word_1_18' title='bbox 1493 364 1598 418; x_wconf 88' lang='lat' dir='ltr'>ibit</span> 
     </span>
    </p>

    <p class='ocr_par' dir='ltr' id='par_1_4' title="bbox 223 437 1702 508">
     <span class='ocr_line' id='line_1_4' title="bbox 223 437 1702 508; baseline -0.001 -16"><span class='ocrx_word' id='word_1_19' title='bbox 223 439 434 492; x_wconf 89' lang='lat' dir='ltr'>Praeda</span> <span class='ocrx_word' id='word_1_20' title='bbox 471 438 642 491; x_wconf 79' lang='lat' dir='ltr'>feris?</span> <span class='ocrx_word' id='word_1_21' title='bbox 685 442 829 491; x_wconf 88' lang='lat' dir='ltr'>certe</span> <span class='ocrx_word' id='word_1_22' title='bbox 868 439 1108 492; x_wconf 89' lang='lat' dir='ltr'>tumulos</span> <span class='ocrx_word' id='word_1_23' title='bbox 1149 456 1506 508; x_wconf 86' lang='lat' dir='ltr'>supremaque</span> <span class='ocrx_word' id='word_1_24' title='bbox 1544 437 1702 492; x_wconf 86' lang='lat' dir='ltr'>victis</span> 
     </span>
    </p>

    <p class='ocr_par' dir='ltr' id='par_1_5' title="bbox 223 509 1806 583">
     <span class='ocr_line' id='line_1_5' title="bbox 223 509 1806 583; baseline -0.001 -17"><span class='ocrx_word' id='word_1_25' title='bbox 223 513 375 567; x_wconf 86' lang='lat' dir='ltr'>Iusta</span> <span class='ocrx_word' id='word_1_26' title='bbox 414 513 604 583; x_wconf 87' lang='lat' dir='ltr'>dabas;</span> <span class='ocrx_word' id='word_1_27' title='bbox 643 512 739 565; x_wconf 92' lang='lat' dir='ltr'>ubi</span> <span class='ocrx_word' id='word_1_28' title='bbox 779 510 1073 582; x_wconf 79' lang='lat' dir='ltr'>Cecropiae</span> <span class='ocrx_word' id='word_1_29' title='bbox 1111 516 1238 582; x_wconf 87' lang='lat' dir='ltr'>post</span> <span class='ocrx_word' id='word_1_30' title='bbox 1275 513 1482 582; x_wconf 89' lang='lat' dir='ltr'>proelia</span> <span class='ocrx_word' id='word_1_31' title='bbox 1518 509 1806 566; x_wconf 82' lang='lat' dir='ltr'>flammae?</span> 
     </span>
    </p>

    <p class='ocr_par' dir='ltr' id='par_1_6' title="bbox 226 586 1918 657">
     <span class='ocr_line' id='line_1_6' title="bbox 226 586 1918 657; baseline -0.001 -18"><span class='ocrx_word' id='word_1_32' title='bbox 226 587 467 641; x_wconf 79' lang='lat' dir='ltr'>Theseos</span> <span class='ocrx_word' id='word_1_33' title='bbox 507 587 652 657; x_wconf 85' lang='lat' dir='ltr'>ignis</span> <span class='ocrx_word' id='word_1_34' title='bbox 691 587 788 640; x_wconf 92' lang='lat' dir='ltr'>ubi</span> <span class='ocrx_word' id='word_1_35' title='bbox 829 586 975 640; x_wconf 82' lang='lat' dir='ltr'>est?&#39;</span> <span class='ocrx_word' id='word_1_36' title='bbox 1036 586 1162 640; x_wconf 88' lang='lat' dir='ltr'>Non</span> <span class='ocrx_word' id='word_1_37' title='bbox 1199 587 1406 655; x_wconf 89' lang='lat' dir='ltr'>spernit</span> <span class='ocrx_word' id='word_1_38' title='bbox 1438 586 1685 656; x_wconf 88' lang='lat' dir='ltr'>coniugis</span> <span class='ocrx_word' id='word_1_39' title='bbox 1718 603 1918 656; x_wconf 85' lang='lat' dir='ltr'>aequas</span> 
     </span>
    </p>

    <p class='ocr_par' dir='ltr' id='par_1_7' title="bbox 223 658 1921 731">
     <span class='ocr_line' id='line_1_7' title="bbox 223 658 1921 731; baseline 0.001 -18"><span class='ocrx_word' id='word_1_40' title='bbox 223 660 322 714; x_wconf 92' lang='lat' dir='ltr'>Ille</span> <span class='ocrx_word' id='word_1_41' title='bbox 361 679 572 731; x_wconf 76' lang='lat' dir='ltr'>preceS,</span> <span class='ocrx_word' id='word_1_42' title='bbox 610 661 909 730; x_wconf 85' lang='lat' dir='ltr'>leviterque</span> <span class='ocrx_word' id='word_1_43' title='bbox 951 661 1135 714; x_wconf 87' lang='lat' dir='ltr'>oculos</span> <span class='ocrx_word' id='word_1_44' title='bbox 1176 661 1243 713; x_wconf 90' lang='lat' dir='ltr'>ad</span> <span class='ocrx_word' id='word_1_45' title='bbox 1281 660 1497 713; x_wconf 89' lang='lat' dir='ltr'>moenia</span> <span class='ocrx_word' id='word_1_46' title='bbox 1535 658 1726 713; x_wconf 80' lang='lat' dir='ltr'>Cadmi</span> <span class='ocrx_word' id='word_1_47' title='bbox 1832 671 1921 714; x_wconf 97' lang='grc'>520</span> 
     </span>
    </p>

    <p class='ocr_par' dir='ltr' id='par_1_8' title="bbox 227 734 1489 804">
     <span class='ocr_line' id='line_1_8' title="bbox 227 734 1489 804; baseline 0.001 -17"><span class='ocrx_word' id='word_1_48' title='bbox 227 734 486 804; x_wconf 87' lang='lat' dir='ltr'>Rettulit,</span> <span class='ocrx_word' id='word_1_49' title='bbox 528 738 582 787; x_wconf 90' lang='lat' dir='ltr'>et</span> <span class='ocrx_word' id='word_1_50' title='bbox 619 735 738 789; x_wconf 86' lang='lat' dir='ltr'>viso</span> <span class='ocrx_word' id='word_1_51' title='bbox 779 735 1036 788; x_wconf 90' lang='lat' dir='ltr'>sederunt</span> <span class='ocrx_word' id='word_1_52' title='bbox 1076 735 1299 787; x_wconf 87' lang='lat' dir='ltr'>fiumina</span> <span class='ocrx_word' id='word_1_53' title='bbox 1336 739 1489 788; x_wconf 81' lang='lat' dir='ltr'>nutU.</span> 
     </span>
    </p>

    <p class='ocr_par' dir='ltr' id='par_1_9' title="bbox 224 808 1615 878">
     <span class='ocr_line' id='line_1_9' title="bbox 224 808 1615 878; baseline -0.001 -16"><span class='ocrx_word' id='word_1_54' title='bbox 224 808 380 862; x_wconf 87' lang='lat' dir='ltr'>Illius</span> <span class='ocrx_word' id='word_1_55' title='bbox 423 826 693 878; x_wconf 82' lang='lat' dir='ltr'>exangues</span> <span class='ocrx_word' id='word_1_56' title='bbox 733 809 906 861; x_wconf 88' lang='lat' dir='ltr'>umeri</span> <span class='ocrx_word' id='word_1_57' title='bbox 945 812 1001 862; x_wconf 91' lang='lat' dir='ltr'>et</span> <span class='ocrx_word' id='word_1_58' title='bbox 1038 808 1287 877; x_wconf 85' lang='lat' dir='ltr'>perfossa</span> <span class='ocrx_word' id='word_1_59' title='bbox 1325 810 1615 878; x_wconf 86' lang='lat' dir='ltr'>patescunt</span> 
     </span>
    </p>

    <p class='ocr_par' dir='ltr' id='par_1_10' title="bbox 222 882 1561 937">
     <span class='ocr_line' id='line_1_10' title="bbox 222 882 1561 937; baseline -0.001 -1"><span class='ocrx_word' id='word_1_60' title='bbox 222 883 472 937; x_wconf 84' lang='lat' dir='ltr'>Pectora:</span> <span class='ocrx_word' id='word_1_61' title='bbox 512 902 609 936; x_wconf 91' lang='lat' dir='ltr'>ceu</span> <span class='ocrx_word' id='word_1_62' title='bbox 647 884 826 936; x_wconf 83' lang='lat' dir='ltr'>ventis</span> <span class='ocrx_word' id='word_1_63' title='bbox 866 883 977 936; x_wconf 88' lang='lat' dir='ltr'>alte</span> <span class='ocrx_word' id='word_1_64' title='bbox 1018 901 1139 936; x_wconf 88' lang='lat' dir='ltr'>cum</span> <span class='ocrx_word' id='word_1_65' title='bbox 1180 883 1323 935; x_wconf 88' lang='lat' dir='ltr'>elata</span> <span class='ocrx_word' id='word_1_66' title='bbox 1360 882 1561 935; x_wconf 88' lang='lat' dir='ltr'>resedit</span> 
     </span>
    </p>

    <p class='ocr_par' dir='ltr' id='par_1_11' title="bbox 224 955 1702 1027">
     <span class='ocr_line' id='line_1_11' title="bbox 224 955 1702 1027; baseline -0.001 -17"><span class='ocrx_word' id='word_1_67' title='bbox 224 957 566 1026; x_wconf 81' lang='lat' dir='ltr'>TempestaS,</span> <span class='ocrx_word' id='word_1_68' title='bbox 609 959 840 1027; x_wconf 88' lang='lat' dir='ltr'>surgunt</span> <span class='ocrx_word' id='word_1_69' title='bbox 879 957 1089 1025; x_wconf 81' lang='lat' dir='ltr'>scopuli</span> <span class='ocrx_word' id='word_1_70' title='bbox 1128 956 1481 1026; x_wconf 87' lang='lat' dir='ltr'>quaesitaque</span> <span class='ocrx_word' id='word_1_71' title='bbox 1519 955 1702 1008; x_wconf 87' lang='lat' dir='ltr'>nautis</span> 
     </span>
    </p>

    <p class='ocr_par' dir='ltr' id='par_1_12' title="bbox 224 1030 1918 1101">
     <span class='ocr_line' id='line_1_12' title="bbox 224 1030 1918 1101; baseline -0.001 -18"><span class='ocrx_word' id='word_1_72' title='bbox 224 1030 415 1101; x_wconf 89' lang='lat' dir='ltr'>Terra,</span> <span class='ocrx_word' id='word_1_73' title='bbox 457 1035 510 1085; x_wconf 87' lang='lat' dir='ltr'>et</span> <span class='ocrx_word' id='word_1_74' title='bbox 550 1031 618 1084; x_wconf 93' lang='lat' dir='ltr'>ab</span> <span class='ocrx_word' id='word_1_75' title='bbox 658 1031 872 1084; x_wconf 85' lang='lat' dir='ltr'>infestis</span> <span class='ocrx_word' id='word_1_76' title='bbox 915 1030 1246 1084; x_wconf 87' lang='lat' dir='ltr'>descendunt</span> <span class='ocrx_word' id='word_1_77' title='bbox 1285 1048 1520 1100; x_wconf 88' lang='lat' dir='ltr'>aequora</span> <span class='ocrx_word' id='word_1_78' title='bbox 1560 1030 1718 1083; x_wconf 67' lang='lat' dir='ltr'>saxis</span> <span class='ocrx_word' id='word_1_79' title='bbox 1831 1041 1918 1083; x_wconf 89' lang='grc'>525</span> 
     </span>
    </p>

    <p class='ocr_par' dir='ltr' id='par_1_13' title="bbox 224 1102 1794 1174">
     <span class='ocr_line' id='line_1_13' title="bbox 224 1102 1794 1174; baseline -0.001 -17"><span class='ocrx_word' id='word_1_80' title='bbox 224 1104 364 1167; x_wconf 82' lang='lat' dir='ltr'>Quid</span> <span class='ocrx_word' id='word_1_81' title='bbox 404 1106 550 1174; x_wconf 86' lang='lat' dir='ltr'>ripas</span> <span class='ocrx_word' id='word_1_82' title='bbox 589 1105 829 1157; x_wconf 86' lang='lat' dir='ltr'>tenuisse</span> <span class='ocrx_word' id='word_1_83' title='bbox 868 1104 1056 1158; x_wconf 77' lang='lat' dir='ltr'>iuvat?</span> <span class='ocrx_word' id='word_1_84' title='bbox 1094 1104 1295 1173; x_wconf 90' lang='lat' dir='ltr'>premit</span> <span class='ocrx_word' id='word_1_85' title='bbox 1332 1104 1570 1172; x_wconf 90' lang='lat' dir='ltr'>undique</span> <span class='ocrx_word' id='word_1_86' title='bbox 1607 1102 1794 1156; x_wconf 87' lang='lat' dir='ltr'>nimbo</span> 
     </span>
    </p>

    <p class='ocr_par' dir='ltr' id='par_1_14' title="bbox 221 1177 1790 1248">
     <span class='ocr_line' id='line_1_14' title="bbox 221 1177 1790 1248; baseline -0.001 -18"><span class='ocrx_word' id='word_1_87' title='bbox 221 1178 479 1232; x_wconf 84' lang='lat' dir='ltr'>Telorum</span> <span class='ocrx_word' id='word_1_88' title='bbox 518 1178 820 1232; x_wconf 86' lang='lat' dir='ltr'>Phoenissa</span> <span class='ocrx_word' id='word_1_89' title='bbox 859 1179 1075 1248; x_wconf 80' lang='lat' dir='ltr'>cohorS,</span> <span class='ocrx_word' id='word_1_90' title='bbox 1113 1196 1212 1232; x_wconf 90' lang='lat' dir='ltr'>nec</span> <span class='ocrx_word' id='word_1_91' title='bbox 1251 1178 1496 1248; x_wconf 87' lang='lat' dir='ltr'>tegmina</span> <span class='ocrx_word' id='word_1_92' title='bbox 1534 1177 1790 1230; x_wconf 88' lang='lat' dir='ltr'>membris</span> 
     </span>
    </p>

    <p class='ocr_par' dir='ltr' id='par_1_15' title="bbox 221 1252 1783 1322">
     <span class='ocr_line' id='line_1_15' title="bbox 221 1252 1783 1322; baseline -0.002 -16"><span class='ocrx_word' id='word_1_93' title='bbox 221 1252 375 1322; x_wconf 88' lang='lat' dir='ltr'>Ulla,</span> <span class='ocrx_word' id='word_1_94' title='bbox 417 1254 700 1321; x_wconf 89' lang='lat' dir='ltr'>omnisque</span> <span class='ocrx_word' id='word_1_95' title='bbox 740 1255 897 1321; x_wconf 89' lang='lat' dir='ltr'>patet</span> <span class='ocrx_word' id='word_1_96' title='bbox 934 1253 1067 1321; x_wconf 79' lang='lat' dir='ltr'>let03</span> <span class='ocrx_word' id='word_1_97' title='bbox 1107 1254 1237 1304; x_wconf 90' lang='lat' dir='ltr'>tunc</span> <span class='ocrx_word' id='word_1_98' title='bbox 1274 1252 1499 1304; x_wconf 84' lang='lat' dir='ltr'>vulnera</span> <span class='ocrx_word' id='word_1_99' title='bbox 1537 1254 1783 1320; x_wconf 85' lang='lat' dir='ltr'>manant,</span> 
     </span>
    </p>

    <p class='ocr_par' dir='ltr' id='par_1_16' title="bbox 223 1324 1721 1396">
     <span class='ocr_line' id='line_1_16' title="bbox 223 1324 1721 1396; baseline 0 -18"><span class='ocrx_word' id='word_1_100' title='bbox 223 1326 435 1396; x_wconf 81' lang='lat' dir='ltr'>Quique</span> <span class='ocrx_word' id='word_1_101' title='bbox 477 1327 576 1379; x_wconf 89' lang='lat' dir='ltr'>sub</span> <span class='ocrx_word' id='word_1_102' title='bbox 619 1344 777 1379; x_wconf 85' lang='lat' dir='ltr'>amne</span> <span class='ocrx_word' id='word_1_103' title='bbox 817 1326 908 1378; x_wconf 91' lang='lat' dir='ltr'>diu</span> <span class='ocrx_word' id='word_1_104' title='bbox 949 1325 1159 1395; x_wconf 87' lang='lat' dir='ltr'>stupuit</span> <span class='ocrx_word' id='word_1_105' title='bbox 1198 1343 1376 1394; x_wconf 87' lang='lat' dir='ltr'>cruor,</span> <span class='ocrx_word' id='word_1_106' title='bbox 1417 1342 1539 1378; x_wconf 87' lang='lat' dir='ltr'>aere</span> <span class='ocrx_word' id='word_1_107' title='bbox 1577 1324 1721 1378; x_wconf 89' lang='lat' dir='ltr'>nudo</span> 
     </span>
    </p>

    <p class='ocr_par' dir='ltr' id='par_1_17' title="bbox 222 1398 1917 1468">
     <span class='ocr_line' id='line_1_17' title="bbox 222 1398 1917 1468; baseline -0.001 -15"><span class='ocrx_word' id='word_1_108' title='bbox 222 1398 462 1454; x_wconf 73' lang='lat' dir='ltr'>Solvitur</span> <span class='ocrx_word' id='word_1_109' title='bbox 503 1403 558 1453; x_wconf 91' lang='lat' dir='ltr'>et</span> <span class='ocrx_word' id='word_1_110' title='bbox 596 1403 786 1458; x_wconf 87' lang='lat' dir='ltr'>tenues</span> <span class='ocrx_word' id='word_1_111' title='bbox 828 1418 1088 1453; x_wconf 85' lang='lat' dir='ltr'>venarum</span> <span class='ocrx_word' id='word_1_112' title='bbox 1125 1400 1276 1452; x_wconf 87' lang='lat' dir='ltr'>laxat</span> <span class='ocrx_word' id='word_1_113' title='bbox 1314 1399 1521 1468; x_wconf 77' lang='lat' dir='ltr'>hiatus,</span> <span class='ocrx_word' id='word_1_114' title='bbox 1830 1410 1917 1452; x_wconf 84' lang='lat'>530</span> 
     </span>
    </p>

    <p class='ocr_par' dir='ltr' id='par_1_18' title="bbox 218 1473 1663 1545">
     <span class='ocr_line' id='line_1_18' title="bbox 218 1473 1663 1545; baseline -0.001 -18"><span class='ocrx_word' id='word_1_115' title='bbox 218 1474 521 1545; x_wconf 89' lang='lat' dir='ltr'>Incertique</span> <span class='ocrx_word' id='word_1_116' title='bbox 560 1474 752 1526; x_wconf 89' lang='lat' dir='ltr'>labant</span> <span class='ocrx_word' id='word_1_117' title='bbox 789 1474 1056 1526; x_wconf 91' lang='lat' dir='ltr'>undarum</span> <span class='ocrx_word' id='word_1_118' title='bbox 1099 1476 1153 1526; x_wconf 90' lang='lat' dir='ltr'>et</span> <span class='ocrx_word' id='word_1_119' title='bbox 1188 1473 1391 1543; x_wconf 87' lang='lat' dir='ltr'>frigore</span> <span class='ocrx_word' id='word_1_120' title='bbox 1433 1489 1663 1542; x_wconf 70' lang='lat' dir='ltr'>gressus</span> 
     </span>
    </p>

    <p class='ocr_par' dir='ltr' id='par_1_19' title="bbox 218 1546 1701 1618">
     <span class='ocr_line' id='line_1_19' title="bbox 218 1546 1701 1618; baseline -0.001 -17"><span class='ocrx_word' id='word_1_121' title='bbox 218 1548 563 1618; x_wconf 89' lang='lat' dir='ltr'>Procumbit,</span> <span class='ocrx_word' id='word_1_122' title='bbox 604 1547 792 1601; x_wconf 80' lang='lat' dir='ltr'>Getico</span> <span class='ocrx_word' id='word_1_123' title='bbox 834 1548 1010 1617; x_wconf 89' lang='lat' dir='ltr'>qualis</span> <span class='ocrx_word' id='word_1_124' title='bbox 1050 1547 1357 1616; x_wconf 89' lang='lat' dir='ltr'>procumbit</span> <span class='ocrx_word' id='word_1_125' title='bbox 1395 1547 1453 1599; x_wconf 92' lang='lat' dir='ltr'>in</span> <span class='ocrx_word' id='word_1_126' title='bbox 1490 1546 1701 1600; x_wconf 82' lang='lat' dir='ltr'>Haemo</span> 
     </span>
    </p>

    <p class='ocr_par' dir='ltr' id='par_1_20' title="bbox 222 1621 1607 1690">
     <span class='ocr_line' id='line_1_20' title="bbox 222 1621 1607 1690; baseline -0.003 -15"><span class='ocrx_word' id='word_1_127' title='bbox 222 1621 327 1675; x_wconf 82' lang='lat' dir='ltr'>Seu</span> <span class='ocrx_word' id='word_1_128' title='bbox 368 1622 576 1675; x_wconf 90' lang='lat' dir='ltr'>Boreae</span> <span class='ocrx_word' id='word_1_129' title='bbox 615 1622 771 1674; x_wconf 80' lang='lat' dir='ltr'>furiis</span> <span class='ocrx_word' id='word_1_130' title='bbox 809 1621 957 1690; x_wconf 88' lang='lat' dir='ltr'>putri</span> <span class='ocrx_word' id='word_1_131' title='bbox 998 1639 1091 1674; x_wconf 84' lang='lat' dir='ltr'>seu</span> <span class='ocrx_word' id='word_1_132' title='bbox 1130 1621 1324 1674; x_wconf 87' lang='lat' dir='ltr'>robore</span> <span class='ocrx_word' id='word_1_133' title='bbox 1365 1638 1607 1690; x_wconf 70' lang='lat' dir='ltr'>quercus,</span> 
     </span>
    </p>

    <p class='ocr_par' dir='ltr' id='par_1_21' title="bbox 221 1694 1649 1765">
     <span class='ocr_line' id='line_1_21' title="bbox 221 1694 1649 1765; baseline -0.001 -17"><span class='ocrx_word' id='word_1_134' title='bbox 221 1694 388 1749; x_wconf 81' lang='lat' dir='ltr'>Caelo</span> <span class='ocrx_word' id='word_1_135' title='bbox 430 1696 603 1748; x_wconf 87' lang='lat' dir='ltr'>mixta</span> <span class='ocrx_word' id='word_1_136' title='bbox 642 1711 849 1764; x_wconf 80' lang='lat' dir='ltr'>comas„</span> <span class='ocrx_word' id='word_1_137' title='bbox 889 1696 1273 1765; x_wconf 73' lang='lat' dir='ltr'>ingentemque</span> <span class='ocrx_word' id='word_1_138' title='bbox 1314 1712 1438 1747; x_wconf 88' lang='lat' dir='ltr'>aera</span> <span class='ocrx_word' id='word_1_139' title='bbox 1477 1695 1649 1746; x_wconf 85' lang='lat' dir='ltr'>laxat:</span> 
     </span>
    </p>

    <p class='ocr_par' dir='ltr' id='par_1_22' title="bbox 219 1767 1915 1836">
     <span class='ocr_line' id='line_1_22' title="bbox 219 1767 1915 1836; baseline -0.001 -14"><span class='ocrx_word' id='word_1_140' title='bbox 219 1769 383 1822; x_wconf 90' lang='lat' dir='ltr'>Illam</span> <span class='ocrx_word' id='word_1_141' title='bbox 423 1772 707 1823; x_wconf 90' lang='lat' dir='ltr'>nutantem</span> <span class='ocrx_word' id='word_1_142' title='bbox 746 1787 936 1822; x_wconf 88' lang='lat' dir='ltr'>nemus</span> <span class='ocrx_word' id='word_1_143' title='bbox 977 1771 1030 1822; x_wconf 92' lang='lat' dir='ltr'>et</span> <span class='ocrx_word' id='word_1_144' title='bbox 1068 1786 1222 1821; x_wconf 89' lang='lat' dir='ltr'>mons</span> <span class='ocrx_word' id='word_1_145' title='bbox 1261 1768 1378 1836; x_wconf 85' lang='lat' dir='ltr'>ipse</span> <span class='ocrx_word' id='word_1_146' title='bbox 1416 1767 1716 1836; x_wconf 73' lang='lat' dir='ltr'>tremescit,</span> <span class='ocrx_word' id='word_1_147' title='bbox 1829 1779 1915 1820; x_wconf 86' lang='grc'>535</span> 
     </span>
    </p>

    <p class='ocr_par' dir='ltr' id='par_1_23' title="bbox 221 1841 1653 1912">
     <span class='ocr_line' id='line_1_23' title="bbox 221 1841 1653 1912; baseline -0.001 -15"><span class='ocrx_word' id='word_1_148' title='bbox 221 1843 341 1906; x_wconf 83' lang='lat' dir='ltr'>Qua</span> <span class='ocrx_word' id='word_1_149' title='bbox 379 1844 577 1897; x_wconf 92' lang='lat' dir='ltr'>tellure</span> <span class='ocrx_word' id='word_1_150' title='bbox 619 1843 798 1911; x_wconf 89' lang='lat' dir='ltr'>cadat,</span> <span class='ocrx_word' id='word_1_151' title='bbox 839 1861 971 1912; x_wconf 89' lang='lat' dir='ltr'>quas</span> <span class='ocrx_word' id='word_1_152' title='bbox 1013 1843 1210 1895; x_wconf 89' lang='lat' dir='ltr'>obruat</span> <span class='ocrx_word' id='word_1_153' title='bbox 1249 1841 1434 1895; x_wconf 85' lang='lat' dir='ltr'>ordine</span> <span class='ocrx_word' id='word_1_154' title='bbox 1475 1841 1653 1895; x_wconf 79' lang='lat' dir='ltr'>silvas,</span> 
     </span>
    </p>

    <p class='ocr_par' dir='ltr' id='par_1_24' title="bbox 218 1915 1808 1986">
     <span class='ocr_line' id='line_1_24' title="bbox 218 1915 1808 1986; baseline -0.001 -15"><span class='ocrx_word' id='word_1_155' title='bbox 218 1916 346 1971; x_wconf 90' lang='lat' dir='ltr'>Non</span> <span class='ocrx_word' id='word_1_156' title='bbox 385 1921 573 1971; x_wconf 88' lang='lat' dir='ltr'>tamen</span> <span class='ocrx_word' id='word_1_157' title='bbox 613 1921 708 1970; x_wconf 90' lang='lat' dir='ltr'>aut</span> <span class='ocrx_word' id='word_1_158' title='bbox 747 1935 930 1970; x_wconf 89' lang='lat' dir='ltr'>ensem</span> <span class='ocrx_word' id='word_1_159' title='bbox 971 1916 1252 1986; x_wconf 87' lang='lat' dir='ltr'>galeamve</span> <span class='ocrx_word' id='word_1_160' title='bbox 1293 1915 1516 1969; x_wconf 89' lang='lat' dir='ltr'>audacia</span> <span class='ocrx_word' id='word_1_161' title='bbox 1555 1916 1808 1985; x_wconf 87' lang='lat' dir='ltr'>cuiquam</span> 
     </span>
    </p>

    <p class='ocr_par' dir='ltr' id='par_1_25' title="bbox 220 1989 1756 2061">
     <span class='ocr_line' id='line_1_25' title="bbox 220 1989 1756 2061; baseline -0.001 -17"><span class='ocrx_word' id='word_1_162' title='bbox 220 1991 493 2061; x_wconf 82' lang='lat' dir='ltr'>Tangere3</span> <span class='ocrx_word' id='word_1_163' title='bbox 533 1992 625 2045; x_wconf 83' lang='lat' dir='ltr'>vix</span> <span class='ocrx_word' id='word_1_164' title='bbox 666 1991 889 2044; x_wconf 89' lang='lat' dir='ltr'>credunt</span> <span class='ocrx_word' id='word_1_165' title='bbox 929 1990 1100 2044; x_wconf 89' lang='lat' dir='ltr'>oculis</span> <span class='ocrx_word' id='word_1_166' title='bbox 1140 1990 1490 2060; x_wconf 89' lang='lat' dir='ltr'>ingentiaque</span> <span class='ocrx_word' id='word_1_167' title='bbox 1529 1989 1756 2043; x_wconf 88' lang='lat' dir='ltr'>horrent</span> 
     </span>
    </p>

    <p class='ocr_par' dir='ltr' id='par_1_26' title="bbox 218 2063 1912 2207">
     <span class='ocr_line' id='line_1_26' title="bbox 218 2063 1720 2134; baseline -0.003 -15"><span class='ocrx_word' id='word_1_168' title='bbox 218 2064 453 2134; x_wconf 84' lang='lat' dir='ltr'>Funera,</span> <span class='ocrx_word' id='word_1_169' title='bbox 495 2069 549 2118; x_wconf 92' lang='lat' dir='ltr'>et</span> <span class='ocrx_word' id='word_1_170' title='bbox 590 2065 862 2118; x_wconf 86' lang='lat' dir='ltr'>adstrictis</span> <span class='ocrx_word' id='word_1_171' title='bbox 903 2064 1162 2118; x_wconf 88' lang='lat' dir='ltr'>accedunt</span> <span class='ocrx_word' id='word_1_172' title='bbox 1203 2064 1499 2116; x_wconf 89' lang='lat' dir='ltr'>comminus</span> <span class='ocrx_word' id='word_1_173' title='bbox 1539 2063 1720 2116; x_wconf 75' lang='lat' dir='ltr'>armis,</span> 
     </span>
     <span class='ocr_line' id='line_1_27' title="bbox 295 2136 1912 2207; baseline -0.002 -15"><span class='ocrx_word' id='word_1_174' title='bbox 295 2140 533 2192; x_wconf 86' lang='lat' dir='ltr'>Tandem</span> <span class='ocrx_word' id='word_1_175' title='bbox 544 2139 800 2207; x_wconf 84' lang='lat' dir='ltr'>Hypseus</span> <span class='ocrx_word' id='word_1_176' title='bbox 820 2138 954 2190; x_wconf 88' lang='lat' dir='ltr'>adiit</span> <span class='ocrx_word' id='word_1_177' title='bbox 972 2139 1329 2206; x_wconf 90' lang='lat' dir='ltr'>capulumque</span> <span class='ocrx_word' id='word_1_178' title='bbox 1346 2137 1403 2189; x_wconf 93' lang='lat' dir='ltr'>in</span> <span class='ocrx_word' id='word_1_179' title='bbox 1416 2140 1591 2189; x_wconf 87' lang='lat' dir='ltr'>morte</span> <span class='ocrx_word' id='word_1_180' title='bbox 1605 2136 1810 2189; x_wconf 88' lang='lat' dir='ltr'>tenenti</span> <span class='ocrx_word' id='word_1_181' title='bbox 1826 2148 1912 2189; x_wconf 83' lang='lat'>540</span> 
     </span>
    </p>

    <p class='ocr_par' dir='ltr' id='par_1_27' title="bbox 216 2210 1532 2278">
     <span class='ocr_line' id='line_1_28' title="bbox 216 2210 1532 2278; baseline -0.003 -13"><span class='ocrx_word' id='word_1_182' title='bbox 216 2212 479 2265; x_wconf 83' lang='lat' dir='ltr'>Extrahit</span> <span class='ocrx_word' id='word_1_183' title='bbox 517 2216 572 2265; x_wconf 93' lang='lat' dir='ltr'>et</span> <span class='ocrx_word' id='word_1_184' title='bbox 610 2216 796 2265; x_wconf 87' lang='lat' dir='ltr'>torvos</span> <span class='ocrx_word' id='word_1_185' title='bbox 837 2211 1043 2264; x_wconf 84' lang='lat' dir='ltr'>laxavit</span> <span class='ocrx_word' id='word_1_186' title='bbox 1083 2210 1287 2263; x_wconf 88' lang='lat' dir='ltr'>casside</span> <span class='ocrx_word' id='word_1_187' title='bbox 1326 2211 1532 2278; x_wconf 87' lang='lat' dir='ltr'>vultus;</span> 
     </span>
    </p>

    <p class='ocr_par' dir='ltr' id='par_1_28' title="bbox 217 2285 1459 2356">
     <span class='ocr_line' id='line_1_29' title="bbox 217 2285 1459 2356; baseline -0.002 -17"><span class='ocrx_word' id='word_1_188' title='bbox 217 2286 375 2356; x_wconf 92' lang='lat' dir='ltr'>Itque</span> <span class='ocrx_word' id='word_1_189' title='bbox 415 2304 512 2355; x_wconf 89' lang='lat' dir='ltr'>per</span> <span class='ocrx_word' id='word_1_190' title='bbox 551 2285 757 2338; x_wconf 86' lang='lat' dir='ltr'>Aonios</span> <span class='ocrx_word' id='word_1_191' title='bbox 798 2286 906 2337; x_wconf 89' lang='lat' dir='ltr'>alte</span> <span class='ocrx_word' id='word_1_192' title='bbox 945 2301 1198 2337; x_wconf 91' lang='lat' dir='ltr'>mucrone</span> <span class='ocrx_word' id='word_1_193' title='bbox 1239 2301 1459 2337; x_wconf 88' lang='lat' dir='ltr'>corusco</span> 
     </span>
    </p>

    <p class='ocr_par' dir='ltr' id='par_1_29' title="bbox 219 2357 1801 2428">
     <span class='ocr_line' id='line_1_30' title="bbox 219 2357 1801 2428; baseline -0.001 -16"><span class='ocrx_word' id='word_1_194' title='bbox 219 2358 549 2428; x_wconf 83' lang='lat' dir='ltr'>Suspensam</span> <span class='ocrx_word' id='word_1_195' title='bbox 589 2362 870 2411; x_wconf 87' lang='lat' dir='ltr'>ostentans</span> <span class='ocrx_word' id='word_1_196' title='bbox 912 2359 1124 2428; x_wconf 88' lang='lat' dir='ltr'>galeam</span> <span class='ocrx_word' id='word_1_197' title='bbox 1165 2360 1219 2410; x_wconf 92' lang='lat' dir='ltr'>et</span> <span class='ocrx_word' id='word_1_198' title='bbox 1258 2358 1495 2411; x_wconf 89' lang='lat' dir='ltr'>clamore</span> <span class='ocrx_word' id='word_1_199' title='bbox 1535 2357 1801 2426; x_wconf 87' lang='lat' dir='ltr'>superbit:</span> 
     </span>
    </p>

    <p class='ocr_par' dir='ltr' id='par_1_30' title="bbox 218 2431 1692 2502">
     <span class='ocr_line' id='line_1_31' title="bbox 218 2431 1692 2502; baseline -0.001 -16"><span class='ocrx_word' id='word_1_200' title='bbox 218 2433 350 2486; x_wconf 73' lang='lat' dir='ltr'>‘Hie</span> <span class='ocrx_word' id='word_1_201' title='bbox 391 2433 537 2486; x_wconf 88' lang='lat' dir='ltr'>ferus</span> <span class='ocrx_word' id='word_1_202' title='bbox 575 2432 982 2502; x_wconf 91' lang='lat' dir='ltr'>Hippomedon,</span> <span class='ocrx_word' id='word_1_203' title='bbox 1020 2432 1109 2484; x_wconf 93' lang='lat' dir='ltr'>hic</span> <span class='ocrx_word' id='word_1_204' title='bbox 1147 2431 1507 2485; x_wconf 84' lang='lat' dir='ltr'>formidabilis</span> <span class='ocrx_word' id='word_1_205' title='bbox 1546 2431 1692 2484; x_wconf 89' lang='lat' dir='ltr'>ultor</span> 
     </span>
    </p>

    <p class='ocr_par' dir='ltr' id='par_1_31' title="bbox 218 2506 1912 2576">
     <span class='ocr_line' id='line_1_32' title="bbox 218 2506 1912 2576; baseline -0.001 -16"><span class='ocrx_word' id='word_1_206' title='bbox 218 2507 433 2576; x_wconf 85' lang='lat' dir='ltr'>Tydeos</span> <span class='ocrx_word' id='word_1_207' title='bbox 473 2506 685 2559; x_wconf 88' lang='lat' dir='ltr'>infandi</span> <span class='ocrx_word' id='word_1_208' title='bbox 725 2506 1131 2574; x_wconf 89' lang='lat' dir='ltr'>debellatorque</span> <span class='ocrx_word' id='word_1_209' title='bbox 1171 2506 1378 2558; x_wconf 90' lang='lat' dir='ltr'>cruenti</span> <span class='ocrx_word' id='word_1_210' title='bbox 1826 2517 1912 2558; x_wconf 90' lang='grc'>545</span> 
     </span>
    </p>
   </div>
   <div class='ocr_carea' id='block_1_3' title="bbox 218 2603 574 2611">
    <p class='ocr_par' dir='ltr' id='par_1_32' title="bbox 218 2603 574 2611">
     <span class='ocr_line' id='line_1_33' title="bbox 218 2603 574 2611; baseline 0 0"><span class='ocrx_word' id='word_1_211' title='bbox 218 2603 574 2611; x_wconf 95' lang='lat' dir='ltr'> </span> 
     </span>
    </p>
   </div>
   <div class='ocr_carea' id='block_1_4' title="bbox 219 2647 1910 2768">
    <p class='ocr_par' dir='ltr' id='par_1_33' title="bbox 219 2647 1910 2768">
     <span class='ocr_line' id='line_1_34' title="bbox 338 2647 1910 2705; baseline -0.004 -8"><span class='ocrx_word' id='word_1_212' title='bbox 338 2658 424 2697; x_wconf 88' lang='grc'>518</span> <span class='ocrx_word' id='word_1_213' title='bbox 464 2652 613 2695; x_wconf 86' lang='lat' dir='ltr'>Busta</span> <span class='ocrx_word' id='word_1_214' title='bbox 651 2652 779 2695; x_wconf 83' lang='lat' dir='ltr'>codd.</span> <span class='ocrx_word' id='word_1_215' title='bbox 819 2652 917 2695; x_wconf 80' lang='lat' dir='ltr'>edd.</span> <span class='ocrx_word' id='word_1_216' title='bbox 963 2650 1093 2694; x_wconf 87' lang='lat' dir='ltr'>Iusta</span> <span class='ocrx_word' id='word_1_217' title='bbox 1131 2663 1243 2695; x_wconf 76' lang='lat' dir='ltr'>corr.</span> <span class='ocrx_word' id='word_1_218' title='bbox 1287 2651 1510 2695; x_wconf 73' lang='lat' dir='ltr'>Heinsius</span> <span class='ocrx_word' id='word_1_219' title='bbox 1548 2653 1553 2704; x_wconf 87' lang='grc' dir='ltr'>Ι</span> <span class='ocrx_word' id='word_1_220' title='bbox 1594 2647 1837 2705; x_wconf 81' lang='lat' dir='ltr'>cecopriae</span> <span class='ocrx_word' id='word_1_221' title='bbox 1875 2652 1910 2690; x_wconf 99' lang='lat' dir='ltr'>P</span> 
     </span>
     <span class='ocr_line' id='line_1_35' title="bbox 219 2707 1908 2768; baseline -0.004 -12"><span class='ocrx_word' id='word_1_222' title='bbox 219 2711 494 2768; x_wconf 85' lang='lat' dir='ltr'>caecropiae</span> <span class='ocrx_word' id='word_1_223' title='bbox 525 2714 559 2753; x_wconf 87' lang='lat' dir='ltr'>B</span> <span class='ocrx_word' id='word_1_224' title='bbox 599 2712 613 2767; x_wconf 87' lang='grc' dir='ltr'>ΙΙ</span> <span class='ocrx_word' id='word_1_225' title='bbox 654 2713 739 2752; x_wconf 91' lang='grc'>523</span> <span class='ocrx_word' id='word_1_226' title='bbox 779 2723 884 2753; x_wconf 87' lang='lat' dir='ltr'>cum</span> <span class='ocrx_word' id='word_1_227' title='bbox 925 2709 1052 2753; x_wconf 89' lang='lat' dir='ltr'>elata</span> <span class='ocrx_word' id='word_1_228' title='bbox 1081 2713 1165 2752; x_wconf 83' lang='lat' dir='ltr'>PH</span> <span class='ocrx_word' id='word_1_229' title='bbox 1203 2723 1307 2752; x_wconf 86' lang='lat' dir='ltr'>cum</span> <span class='ocrx_word' id='word_1_230' title='bbox 1347 2709 1463 2752; x_wconf 85' lang='lat' dir='ltr'>flata</span> <span class='ocrx_word' id='word_1_231' title='bbox 1492 2712 1559 2751; x_wconf 80' lang='lat' dir='ltr'>Bc</span> <span class='ocrx_word' id='word_1_232' title='bbox 1600 2707 1802 2751; x_wconf 84' lang='lat' dir='ltr'>conflata</span> <span class='ocrx_word' id='word_1_233' title='bbox 1832 2711 1908 2749; x_wconf 74' lang='lat' dir='ltr'>GT</span> 
     </span>
    </p>
   </div>
   <div class='ocr_carea' id='block_1_5' title="bbox 217 2765 1922 2945">
    <p class='ocr_par' dir='ltr' id='par_1_34' title="bbox 217 2765 1922 2945">
     <span class='ocr_line' id='line_1_36' title="bbox 217 2765 1908 2826; baseline -0.005 -10"><span class='ocrx_word' id='word_1_234' title='bbox 217 2772 314 2816; x_wconf 81' lang='lat' dir='ltr'>edd.</span> <span class='ocrx_word' id='word_1_235' title='bbox 365 2775 468 2815; x_wconf 77' lang='lat' dir='ltr'>vett.</span> <span class='ocrx_word' id='word_1_236' title='bbox 509 2772 524 2826; x_wconf 84' lang='grc' dir='ltr'>ΙΙ</span> <span class='ocrx_word' id='word_1_237' title='bbox 562 2774 648 2813; x_wconf 89' lang='grc'>525</span> <span class='ocrx_word' id='word_1_238' title='bbox 688 2767 880 2812; x_wconf 85' lang='lat' dir='ltr'>insessis</span> <span class='ocrx_word' id='word_1_239' title='bbox 920 2769 1144 2813; x_wconf 72' lang='lat' dir='ltr'>Heinsius</span> <span class='ocrx_word' id='word_1_240' title='bbox 1182 2770 1197 2824; x_wconf 93' lang='grc' dir='ltr'>ΙΙ</span> <span class='ocrx_word' id='word_1_241' title='bbox 1237 2773 1319 2812; x_wconf 87' lang='grc'>531</span> <span class='ocrx_word' id='word_1_242' title='bbox 1364 2770 1412 2811; x_wconf 81' lang='lat' dir='ltr'>et</span> <span class='ocrx_word' id='word_1_243' title='bbox 1449 2767 1622 2823; x_wconf 88' lang='lat' dir='ltr'>frigore</span> <span class='ocrx_word' id='word_1_244' title='bbox 1660 2771 1693 2808; x_wconf 87' lang='lat' dir='ltr'>P</span> <span class='ocrx_word' id='word_1_245' title='bbox 1732 2765 1908 2822; x_wconf 88' lang='lat' dir='ltr'>frigore</span> 
     </span>
     <span class='ocr_line' id='line_1_37' title="bbox 218 2825 1922 2885; baseline -0.004 -11"><span class='ocrx_word' id='word_1_246' title='bbox 218 2831 350 2874; x_wconf 80' lang='lat' dir='ltr'>ceteri</span> <span class='ocrx_word' id='word_1_247' title='bbox 381 2830 395 2885; x_wconf 89' lang='grc' dir='ltr'>ΙΙ</span> <span class='ocrx_word' id='word_1_248' title='bbox 430 2834 515 2874; x_wconf 88' lang='grc'>532</span> <span class='ocrx_word' id='word_1_249' title='bbox 547 2828 749 2872; x_wconf 87' lang='lat' dir='ltr'>haemon</span> <span class='ocrx_word' id='word_1_250' title='bbox 780 2832 812 2870; x_wconf 97' lang='lat' dir='ltr'>P</span> <span class='ocrx_word' id='word_1_251' title='bbox 835 2829 851 2884; x_wconf 84' lang='grc' dir='ltr'>ΙΙ</span> <span class='ocrx_word' id='word_1_252' title='bbox 876 2832 961 2871; x_wconf 85' lang='grc'>540</span> <span class='ocrx_word' id='word_1_253' title='bbox 992 2827 1194 2883; x_wconf 82' lang='lat' dir='ltr'>hypseus</span> <span class='ocrx_word' id='word_1_254' title='bbox 1227 2826 1349 2870; x_wconf 85' lang='lat' dir='ltr'>adiit</span> <span class='ocrx_word' id='word_1_255' title='bbox 1376 2832 1409 2869; x_wconf 90' lang='lat' dir='ltr'>P</span> <span class='ocrx_word' id='word_1_256' title='bbox 1442 2826 1561 2870; x_wconf 87' lang='lat' dir='ltr'>adiit</span> <span class='ocrx_word' id='word_1_257' title='bbox 1591 2825 1794 2881; x_wconf 83' lang='lat' dir='ltr'>hypseus</span> <span class='ocrx_word' id='word_1_258' title='bbox 1828 2828 1922 2867; x_wconf 71' lang='lat' dir='ltr'>SE·</span> 
     </span>
     <span class='ocr_line' id='line_1_38' title="bbox 218 2883 1919 2945; baseline -0.004 -14"><span class='ocrx_word' id='word_1_259' title='bbox 218 2888 318 2932; x_wconf 83' lang='lat' dir='ltr'>adit</span> <span class='ocrx_word' id='word_1_260' title='bbox 351 2888 545 2945; x_wconf 80' lang='lat' dir='ltr'>hipseus</span> <span class='ocrx_word' id='word_1_261' title='bbox 577 2891 610 2929; x_wconf 82' lang='lat' dir='ltr'>B</span> <span class='ocrx_word' id='word_1_262' title='bbox 639 2890 645 2944; x_wconf 87' lang='grc' dir='ltr'>Ι</span> <span class='ocrx_word' id='word_1_263' title='bbox 674 2887 945 2941; x_wconf 86' lang='lat' dir='ltr'>caelumque</span> <span class='ocrx_word' id='word_1_264' title='bbox 976 2891 1008 2928; x_wconf 91' lang='lat' dir='ltr'>P</span> <span class='ocrx_word' id='word_1_265' title='bbox 1032 2887 1047 2943; x_wconf 80' lang='grc' dir='ltr'>ΙΙ</span> <span class='ocrx_word' id='word_1_266' title='bbox 1072 2891 1156 2930; x_wconf 90' lang='grc'>544</span> <span class='ocrx_word' id='word_1_267' title='bbox 1190 2885 1255 2930; x_wconf 87' lang='lat' dir='ltr'>sic</span> <span class='ocrx_word' id='word_1_268' title='bbox 1287 2883 1599 2930; x_wconf 86' lang='lat' dir='ltr'>formidabilis</span> <span class='ocrx_word' id='word_1_269' title='bbox 1630 2888 1664 2926; x_wconf 87' lang='lat' dir='ltr'>P</span> <span class='ocrx_word' id='word_1_270' title='bbox 1914 2909 1919 2915; x_wconf 89' lang='lat'><strong>·</strong></span> 
     </span>
    </p>
   </div>
  </div>
 </body>
</html>
