2028 3190
189 128 298 182 310
765 129 817 175 P.
849 127 1080 174 PAPINII
1113 127 1306 174 STATII

189 248 243 303 N
247 267 306 302 ec
343 251 398 301 te
437 267 576 302 vana
614 249 745 302 fides
786 250 985 302 iterum
1024 249 1279 303 Cadmeia
1319 250 1573 320 adeptum
1794 265 1881 307 215

191 321 438 376 Conubia
477 325 532 375 et
570 323 762 392 Tyrios
802 323 1029 377 nimium
1067 324 1334 393 inrupisse
1373 328 1620 393 penates:

190 396 452 465 Tandem,
490 396 735 466 inquam,
776 415 987 451 soceros
1028 397 1328 467 dilectaque
1370 399 1583 452 moenia
1623 401 1814 470 gratus

190 470 440 540 Respicis
480 475 820 542 assertorque
859 476 1040 541 tonas3
1079 490 1176 525 ceu
1214 472 1369 541 regia
1409 473 1544 527 caeli

187 542 533 613 Attemptata
571 546 675 613 tui,
716 546 793 598 sic
831 549 886 598 te
926 565 1026 615 pro
1066 546 1306 599 turribus
1349 546 1477 600 altis

187 618 438 672 Vidimus
479 622 762 689 urgentem
800 621 994 689 nubes,
1035 620 1270 704 laetique
1310 620 1605 691 benignum
1793 636 1882 678 220

186 691 415 746 Fulmen
456 695 510 745 et
548 693 762 747 auditos
801 695 1018 764 proavis
1059 695 1378 778 agnovimus
1418 694 1590 764 ignes,

186 766 389 836 Accipe
427 785 569 821 nunc
608 768 836 836 pecudes
878 771 934 822 et
973 769 1158 840 magni
1197 769 1332 822 turis
1373 786 1591 824 acervos

185 839 554 911 Votivumque
593 860 818 912 marem;
858 843 1050 913 dignas
1092 842 1187 896 sed
1223 842 1454 911 pendere
1493 847 1677 914 grates

185 914 338 968 Haut
376 916 606 969 mortale
646 934 780 985 opus
821 920 924 987 est3
966 921 1172 971 certent
1211 916 1313 970 tibi
1349 916 1572 972 reddere
1601 917 1846 973 Bacchus

185 987 387 1042 Noster
425 992 479 1043 et
516 989 756 1059 Alcides,
795 991 905 1044 illis
944 991 1077 1045 haec
1117 991 1331 1045 moenia
1371 991 1590 1045 servas2
1793 1006 1880 1047 225

184 1063 431 1117 Dixerat:
471 1068 558 1117 ast
596 1064 678 1116 illi
716 1065 872 1134 niger
910 1065 1051 1134 ignis
1091 1065 1148 1119 in
1187 1083 1282 1118 ora
1320 1081 1591 1135 genasque

184 1135 447 1190 Prosiluit
484 1141 807 1207 raptumque
847 1139 1016 1192 comis
1059 1139 1306 1192 diadema
1345 1139 1621 1193 cremavit.

186 1210 339 1264 Tunc
375 1211 523 1264 ferus
564 1215 688 1265 ante
729 1212 898 1265 ictum
941 1213 1146 1282 spumis
1187 1212 1411 1265 delubra
1451 1216 1701 1267 cruentat

188 1283 400 1338 Taurus
442 1288 497 1339 et
537 1286 855 1339 obstantum
894 1287 1086 1340 mediis
1129 1305 1156 1339 e
1197 1286 1440 1339 coetibus
1482 1287 1591 1340 exit

185 1358 454 1412 Turbidus
495 1360 792 1428 insanoque
831 1360 1009 1415 ferens
1050 1361 1247 1414 altaria
1288 1378 1468 1413 cornu.
1792 1375 1879 1416 230

181 1432 492 1502 Diffugiunt
529 1433 743 1498 famuli,
784 1437 838 1487 et
878 1451 1061 1503 regem
1101 1434 1310 1487 solatur
1348 1434 1633 1504 haruspex.

180 1506 304 1575 Ipse
343 1504 638 1560 instaurari
678 1526 890 1561 sacrum
930 1510 1073 1562 male
1114 1508 1274 1562 fortis
1317 1508 1511 1578 agique

179 1579 441 1650 Imperat,
482 1584 536 1634 et
576 1599 800 1651 magnos
840 1583 967 1636 ficto
1008 1583 1205 1651 premit
1244 1600 1335 1635 ore
1373 1582 1611 1635 timores,

181 1654 371 1717 Qualis
410 1655 505 1707 ubi
541 1655 867 1723 implicitum
907 1656 1224 1725 Tirynthius
1265 1656 1479 1709 ossibus
1518 1655 1701 1724 ignem

178 1726 360 1782 Sensit
400 1732 453 1780 et
492 1727 721 1782 Oetaeas
763 1730 1018 1783 membris
1061 1730 1308 1784 accedere
1349 1733 1548 1797 vesteS‚
1779 1743 1866 1785 235

178 1801 327 1855 Vota
365 1802 581 1871 incepta
619 1807 804 1856 tamen
842 1804 1119 1875 libataque
1160 1808 1284 1857 tura
1322 1803 1534 1856 ferebat

177 1875 359 1930 Durus
400 1876 575 1930 adhuc
614 1878 934 1947 patiensque
974 1879 1128 1948 mali3
1170 1897 1296 1931 mox
1334 1877 1536 1948 grande
1575 1880 1794 1932 coactus

179 1949 476 2020 Ingemuit,
515 1951 794 2020 victorque
834 1951 969 2005 furit
1005 1971 1102 2022 per
1140 1952 1347 2006 viscera
1385 1949 1604 2004 Nessus,

257 2023 494 2077 Nuntius
536 2026 774 2078 exanimi
815 2044 1108 2095 suspensus
1149 2029 1368 2095 pectora
1408 2043 1565 2078 cursu

183 2099 428 2166 Aepytus
469 2098 538 2151 ad
575 2116 758 2168 regem
797 2104 988 2168 portae
1029 2101 1264 2153 statione
1304 2099 1496 2151 relicta
1788 2111 1875 2152 240

184 2170 381 2224 Tendit
422 2176 476 2225 et
515 2172 648 2226 haec
686 2172 899 2241 trepido
939 2174 1028 2225 vix
1067 2173 1374 2226 intellectus
1415 2172 1658 2226 anhelat:

185 2243 419 2313 ‘Rumpe
458 2245 580 2313 pios
621 2247 797 2299 cultus
836 2246 1344 2316 intempestivaque,
1382 2249 1582 2312 rector,

185 2316 347 2371 Sacra
386 2318 571 2372 deum:
611 2319 781 2372 frater
820 2320 986 2372 muris
1028 2321 1228 2374 circum
1269 2319 1518 2373 omnibus
1557 2319 1727 2373 instat

188 2391 585 2460 Portarumque
625 2412 804 2467 moras
844 2394 1010 2447 frenis
1051 2394 1288 2447 adsultat
1329 2397 1382 2446 et
1419 2393 1591 2446 hastis

303 2571 390 2612 215
422 2565 695 2623 ademptum
726 2572 870 2621 PpcG
902 2566 1159 2626 adessptum
1188 2573 1221 2611 B
1245 2570 1261 2625 ΙΙ
1285 2574 1369 2613 217
1408 2568 1615 2612 Tandem
1652 2579 1874 2632 umquam

185 2629 218 2668 P
252 2628 259 2682 Ι
295 2625 568 2682 deiectaque
599 2630 631 2668 P
663 2625 891 2682 delectaq.
924 2631 957 2669 B
981 2631 996 2684 ΙΙ
1019 2633 1107 2672 220
1138 2629 1418 2684 urguentem
1447 2632 1479 2670 P
1503 2628 1518 2683 ΙΙ
1543 2631 1626 2671 221
1661 2623 1872 2683 agnosci-

183 2742 285 2772 mus
319 2734 350 2772 P
373 2731 389 2786 ΙΙ
413 2734 500 2774 224
539 2686 719 2774 (3611ὲῖ1111
749 2734 782 2771 Ρ
805 2731 820 2786 ΙΙ
844 2734 929 2774 225
969 2715 1069 2783 illio
1102 2736 1134 2773 P
1159 2732 1168 2786 l
1197 2743 1354 2775 servas
1378 2734 1410 2773 P
1436 2741 1571 2774 serva
1593 2728 1725 2773 ceteri
1745 2730 1761 2784 ΙΙ
1784 2731 1871 2772 226

185 2786 280 2832 illis
320 2793 352 2830 P
391 2791 406 2846 ΙΙ
444 2794 531 2833 230
572 2788 828 2843 insanoque
860 2788 1013 2833 ferens
1044 2793 1119 2833 PB
1153 2791 1278 2834 Dan.
1314 2790 1470 2834 Petav.
1503 2787 1668 2831 insano
1699 2785 1871 2831 feriens

192 2846 339 2890 G2SM
360 2849 376 2903 ΙΙ
400 2853 486 2892 235
520 2847 674 2893 Sentit
704 2853 735 2890 P
764 2853 768 2902 Ι
797 2847 1050 2893 accendere
1082 2853 1114 2891 P
1142 2851 1147 2904 Ι
1174 2849 1332 2905 pestes
1363 2847 1670 2892 Baehrensius
