1942 3190
629 183 912 230 EDITORIS
943 182 1302 230 PRAEFATIO.
1739 182 1827 227 VII

280 306 579 378 Aliquanto
632 309 758 377 post
811 303 1090 359 Conradus
1136 303 1620 375 Wirciburgensis,
1666 306 1828 374 poeta

133 383 226 436 ille
264 381 616 450 clarissimus,
661 381 720 433 in
766 379 1003 432 carmine
1051 397 1148 433 suo
1195 379 1532 448 amplissimo
1581 378 1646 431 de
1683 378 1826 432 bello

135 456 373 510 Troiano
413 474 535 509 cum
575 455 681 508 alia
717 454 987 524 permulta
1024 453 1209 507 hausit
1247 471 1311 506 ex
1342 452 1663 522 Achilleide,
1710 455 1827 505 tum

133 530 365 584 maxime
396 530 597 601 figuras
629 528 920 582 nonnullas
954 546 1016 581 ac
1047 528 1482 597 comparationes
1513 527 1581 580 ad
1604 527 1828 580 verbum

131 622 302 674 paene
334 604 630 674 exscripsit.
705 601 1024 656 Accuratius
1075 602 1134 654 in
1187 601 1329 655 hanc
1382 620 1514 672 rem⁴
1543 601 1829 671 inquisivit

134 678 201 731 H.
247 677 538 748 Dungerus
577 678 636 730 in
673 676 857 729 libello
898 676 990 746 qui
1028 676 1342 729 inscribitur
1380 675 1484 729 ‘die
1526 675 1665 746 Sage
1704 693 1829 729 vom

134 751 498 806 troianischen
537 749 756 820 Kriege'
795 750 938 819 Lips.
982 750 1124 804 1869
1163 769 1214 819 p.
1254 750 1342 803 47.
1381 750 1469 803 48.
1509 750 1595 803 52.
1636 749 1723 803 55.

284 824 432 887 Quae
480 843 601 878 cum
647 825 725 877 ita
771 825 905 892 sint,
954 842 1068 878 non
1119 827 1204 877 est
1241 824 1549 877 mirandum
1590 823 1734 894 quod
1771 822 1831 875 in

132 898 419 953 Britannia
442 898 621 952 Gallia
645 898 934 952 Germania
964 900 1050 952 tot
1088 898 1284 968 quibus
1310 899 1615 952 continetur
1645 897 1829 951 Achil-

132 974 230 1026 leis
261 973 605 1027 inveniuntur
635 973 866 1027 codices:
904 973 1027 1042 plus
1061 973 1204 1026 enim
1239 973 1646 1043 quinquaginta,
1686 971 1829 1042 quod

135 1047 380 1117 equidem
433 1048 622 1117 sciam,
677 1047 850 1100 adhuc
896 1047 955 1099 in
993 1047 1167 1100 lucem
1216 1047 1417 1115 prolati
1465 1049 1605 1100 sunt.
1697 1046 1831 1100 Post

135 1122 411 1175 inventam
451 1125 625 1175 artem
662 1121 1114 1191 typographicam
1154 1119 1316 1174 Statii
1349 1139 1559 1191 quoque
1591 1121 1831 1174 carmina

135 1195 196 1248 in
221 1195 452 1249 officinis
476 1196 765 1264 praecipue
796 1194 1005 1248 Italicis
1029 1194 1324 1248 identidem
1347 1195 1537 1248 formis
1563 1195 1831 1264 descripta

137 1271 278 1324 sunt.
316 1269 541 1323 Editio
567 1269 973 1323 Achilleidos
999 1270 1303 1339 princeps
1330 1272 1512 1322 utrum
1537 1270 1656 1339 ipso
1686 1287 1827 1322 anno

141 1344 286 1397 1470
341 1362 412 1396 an
463 1344 628 1413 paulo
683 1346 809 1412 post
858 1345 1034 1396 lucem
1088 1343 1304 1412 viderit,
1359 1362 1553 1412 parum
1599 1345 1832 1412 constat,

136 1418 334 1486 quippe
358 1435 493 1487 quae
517 1418 783 1486 prodiisse
808 1417 1018 1471 dicatur
1041 1435 1141 1471 nec
1166 1436 1308 1471 anno
1330 1435 1430 1470 nec
1445 1418 1564 1471 loco
1579 1417 1831 1470 indicato,

136 1489 449 1543 Editionem
506 1491 849 1544 Romanam
904 1491 1033 1543 anni
1085 1491 1227 1544 1475
1279 1489 1426 1562 (cum
1478 1494 1826 1544 commentar.

134 1563 340 1617 Placidi
363 1563 638 1617 Lactantii
666 1565 723 1616 in
756 1564 941 1634 Theb„
978 1563 1170 1618 Franc.
1194 1564 1515 1617 Maturantii
1538 1566 1597 1617 in
1619 1565 1830 1633 Achill.‚

135 1635 293 1691 Dom.
326 1636 597 1692 Oalderini
635 1639 694 1691 in
725 1636 941 1708 Silvas),
980 1638 1563 1692 editionesVenetas
1606 1658 1651 1692 a.
1689 1639 1830 1692 1483

135 1714 191 1764 et
233 1712 397 1782 1490,
437 1731 665 1782 quarum
695 1712 955 1766 lectiones
996 1731 1029 1765 a
1059 1712 1278 1766 Menkio
1312 1713 1556 1766 conlatas
1589 1713 1829 1781 adhibui,

136 1788 350 1839 secutae
384 1790 513 1839 sunt
548 1786 826 1839 Aldinae
867 1806 913 1840 a.
950 1786 1093 1840 1502
1126 1790 1180 1839 et
1214 1786 1379 1857 1519,
1419 1805 1647 1857 quarum
1686 1787 1833 1856 prior

136 1858 296 1928 (quae
335 1860 469 1912 mihi
506 1863 722 1928 praesto
762 1860 888 1928 fuit)
931 1859 1056 1914 enisi
1096 1861 1164 1913 ab
1203 1861 1322 1930 ipso
1355 1860 1608 1930 Avantio,
1646 1864 1832 1914 tamen

137 1932 251 1985 eius
276 1933 744 1986 emendationibus
770 1934 1029 1987 adhibitis
1055 1934 1300 1987 confecta
1323 1934 1439 1989 est'.
1498 1933 1603 2005 (Cf.
1629 1934 1833 1987 Handii

136 2006 306 2074 praef.
343 2026 393 2076 p.
432 2004 709 2078 XXXVI.)
769 2007 856 2060 Ex
885 2007 1088 2060 Aldina
1128 2008 1362 2061 secunda
1401 2012 1711 2062 contextum
1745 2009 1831 2061 de-

138 2079 407 2133 scribebat
444 2079 852 2149 BernartiuS,
900 2081 992 2150 qui
1038 2080 1270 2135 Statium
1317 2083 1374 2134 in
1414 2082 1632 2135 officina
1669 2081 1831 2135 Plan-

134 2153 348 2206 tiniana
385 2154 716 2224 Antverpiae
758 2154 901 2208 1595
941 2154 1131 2225 edidit,
1185 2174 1249 2208 ex
1289 2159 1520 2225 quatuor
1559 2156 1831 2210 codicibus

137 2227 495 2280 emendatum.
571 2228 635 2281 Id
674 2229 816 2298 quod
857 2227 1149 2299 Scaliger
1196 2230 1300 2283 sibi
1346 2233 1725 2300 proposuerat,
1772 2234 1833 2283 ut

138 2298 372 2354 Statium
427 2305 725 2356 correctum
781 2305 835 2355 et
894 2303 1225 2357 illustratum
1288 2304 1491 2374 ederet,
1545 2305 1829 2374 quominus

138 2373 393 2445 efficeret,
437 2376 614 2429 virum
655 2394 866 2430 summo
906 2376 1126 2447 ingenio
1172 2377 1476 2447 praeditum
1523 2379 1831 2448 impediisse

139 2446 334 2501 dicitur
380 2449 546 2503 editio
591 2449 1096 2521 Lindenbrogii,
1148 2469 1284 2522 quae
1339 2471 1384 2505 a.
1428 2453 1572 2506 1600
1609 2452 1831 2505 Parisiis

137 2520 353 2589 prodiit.
438 2522 492 2576 Is
552 2524 765 2577 etiamsi
824 2522 1058 2577 Statium
1114 2543 1226 2579 non
1286 2525 1446 2580 modo
1506 2526 1572 2579 ad
1623 2526 1832 2580 codices

139 2592 221 2663 (in
259 2595 452 2663 quibus
492 2598 727 2666 optimus
767 2598 856 2650 ille
880 2597 1185 2652 Puteaneus
1225 2598 1364 2669 erat)
1405 2600 1531 2653 dum
1570 2600 1628 2653 in
1653 2598 1832 2653 Gallia

137 2668 457 2721 versabatur
472 2672 763 2741 recensuit,
789 2671 882 2724 sed
906 2671 1070 2725 etiam
1087 2672 1356 2726 Lactantii
1373 2674 1759 2727 commentaria
1775 2674 1832 2727 in

137 2739 440 2795 Achilleida
469 2744 702 2811 primum
742 2764 770 2798 e
810 2745 991 2798 codice
1016 2746 1314 2801 Pithoeano
1355 2742 1534 2816 edidit,
1572 2747 1729 2815 plura
1752 2751 1832 2800 ta-

138 2832 262 2867 men
300 2835 462 2885 quam
486 2835 585 2885 par
609 2822 723 2872 erat
760 2820 966 2872 intacta
1004 2820 1236 2890 reliquit.
1298 2820 1491 2874 Secuta
1530 2824 1612 2874 est
1651 2821 1829 2888 editi0,

140 2905 204 2941 ex
243 2906 345 2959 qua
382 2890 494 2944 fere
534 2909 719 2945 omnes
758 2892 997 2961 reliquae
1029 2893 1202 2947 adhuc
1225 2894 1509 2965 fluxerunt,
1546 2893 1582 2948 J
1592 2913 1638 2949 ο.
1662 2894 1831 2948 Frid.
