2028 3190
220 169 329 223 220
782 179 785 181 ’
801 170 850 215 Ρ,
885 170 1113 215 ΡΑΡΙΝΠ
1143 169 1339 214 STATH

218 291 321 345 Ille
360 292 498 344 mihi
535 291 675 344 Delo
719 290 1014 361 Cirrhaque
1053 291 1330 360 potentior
1368 291 1542 360 omni,

222 366 337 430 Quo
377 366 512 434 ruiS,
551 366 644 420 ille
685 365 867 435 adytis
911 365 1099 418 melior
1136 363 1321 418 locus.²
1398 363 1550 419 Haec
1587 363 1683 418 ubi
1721 363 1890 433 dicta,

219 440 515 510 Nigrantes
554 442 703 493 terra
741 438 971 508 pecudes
1011 439 1346 508 obscuraque
1387 438 1587 509 mergit

218 515 506 582 Armenta,
546 531 608 566 ac
647 513 785 566 vivis
826 513 1071 566 cumulos
1110 513 1366 566 undantis
1406 513 1640 566 harenae
1823 523 1911 565 340

219 588 468 658 Aggerat
507 591 561 640 et
599 587 714 641 vati
753 588 946 640 mortis
981 587 1269 640 simulacra
1307 586 1566 656 rependit.

293 661 448 714 Talia
489 661 632 731 apud
672 659 886 730 GraiOS,
927 679 1047 714 cum
1086 661 1197 714 iam
1236 660 1509 714 Mavortia
1547 663 1737 714 contra

221 733 459 804 Cornua,
499 735 609 787 iam
650 753 838 789 saevos
876 734 1064 806 fragor
1104 753 1291 788 aereus
1333 735 1534 788 excitat
1573 752 1742 788 enses,

221 809 391 862 Addit
430 810 626 862 acerba
667 827 859 862 sonum
900 809 1151 863 Teumesi
1191 827 1219 861 e
1259 809 1460 862 vertice
1499 809 1702 862 crinem

218 882 495 937 Incutiens
537 884 790 952 acuitque
828 883 988 936 tubas
1030 886 1083 936 et
1123 883 1284 936 sibila
1321 883 1514 936 miscet
1827 893 1913 935 346

219 957 540 1026 Tisiphone:
582 960 767 1027 stupet
804 957 1028 1010 insolito
1070 957 1325 1027 clangore
1365 955 1665 1011 Cithaeron

218 1031 491 1085 Marcidus
533 1034 587 1083 et
625 1035 803 1084 turres
845 1049 1061 1084 carmen
1098 1049 1211 1084 non
1250 1032 1360 1084 tale
1401 1034 1632 1084 secutae.

218 1105 338 1158 Iam
376 1105 616 1175 trepidas
657 1104 887 1158 Bellona
924 1104 1069 1158 fores
1110 1108 1423 1174 armataque
1460 1104 1646 1173 pulsat

219 1179 461 1248 Limina,
500 1179 611 1231 iam
651 1179 824 1232 multo
866 1179 1119 1232 laxantur
1159 1175 1375 1232 cardine
1413 1178 1646 1232 Thebae.

221 1252 434 1306 Turbat
459 1271 620 1322 eques
644 1253 870 1322 pediteS,
893 1271 1078 1306 currus
1104 1253 1520 1322 properantibus
1550 1252 1787 1321 obstant,
1826 1262 1913 1304 350

222 1326 333 1381 Ceu
373 1326 552 1380 Danai
589 1330 718 1396 post
756 1330 911 1396 terga
948 1330 1220 1395 premant:
1263 1328 1341 1379 sic
1382 1326 1630 1379 omnibus
1670 1325 1788 1378 alae

223 1402 492 1454 Artantur
529 1401 703 1470 portis
746 1405 1057 1470 septemque
1098 1401 1410 1454 excursibus
1449 1400 1691 1453 haerent.

223 1474 457 1545 Ogygiis
497 1476 543 1528 it
576 1478 721 1528 sorte
762 1473 959 1544 Creon,
998 1475 1262 1528 Eteoclea
1299 1475 1530 1527 mittunt

219 1548 473 1619 Neistae,
514 1549 683 1602 celsas
723 1548 1084 1602 Homoloidas
1126 1552 1354 1618 occupat
1390 1548 1663 1616 Haemon,

219 1622 444 1692 Hypsea
481 1622 764 1675 Proetides
807 1627 861 1675 et
900 1624 1100 1675 celsum
1139 1623 1325 1675 fudere
1364 1621 1614 1691 Dryanta
1827 1631 1914 1674 355

219 1696 493 1766 Electrae,
532 1696 710 1766 quatit
749 1695 1043 1765 Hypsistas
1083 1714 1274 1749 manus
1314 1694 1759 1765 Eurymedontis»,

222 1769 474 1824 Culmina
512 1771 891 1840 magnanimus
933 1770 1103 1840 stipat
1141 1769 1371 1823 Dircaea
1408 1770 1743 1823 Menoeceus

224 1843 414 1907 Qualis
455 1845 550 1897 ubi
590 1843 771 1898 aversi
811 1847 1048 1898 secretus
1088 1844 1291 1914 pabula
1329 1844 1464 1898 caeli

220 1917 382 1972 Nilus
424 1922 478 1971 et
516 1918 663 1971 ans
704 1935 904 1988 magno
946 1918 1089 1971 bibit
1129 1936 1219 1971 ore
1258 1918 1507 1987 pruinaS,

225 1991 436 2045 Scindit
473 1992 643 2045 fontis
685 2011 815 2061 opes
858 1995 1170 2061 septemque
1210 1992 1523 2060 patentibus
1564 1989 1706 2043 arvis
1828 2001 1915 2043 360

343 2100 429 2139 338
461 2093 592 2137 lacus
629 2093 903 2148 Gronovius,
937 2094 994 2148 cf.
1026 2107 1065 2137 v.
1099 2097 1192 2137 148
1215 2095 1231 2149 ΙΙ
1255 2098 1340 2137 339
1371 2094 1526 2136 terrae
1548 2094 1632 2135 PH
1653 2090 1764 2135 Beh.
1789 2091 1805 2146 ss
1829 2092 1917 2133 344

222 2167 250 2195 a
280 2152 457 2196 vertice
489 2157 522 2195 P
553 2167 634 2197 sec.
667 2167 723 2196 m.
750 2154 764 2208 ΙΙ
789 2157 874 2196 353
899 2166 989 2209 sqq.
1019 2153 1077 2207 cf.
1102 2152 1260 2196 Aesch.
1286 2151 1406 2207 Sept.
1432 2154 1524 2196 360
1546 2164 1637 2207 sqq.
1654 2149 1716 2192 K.
1741 2149 1914 2205 Eurip.

223 2212 392 2257 Phoen.
433 2216 556 2256 1090
580 2226 668 2268 sqq.
714 2212 923 2255 Pausan.
955 2211 1041 2254 IX
1070 2215 1114 2266 8,
1146 2214 1175 2254 4
1198 2224 1288 2267 sqq.
1322 2215 1404 2265 18,
1444 2215 1470 2254 1
1503 2209 1738 2255 Bursiani
1765 2220 1912 2266 yeoyr.

218 2284 365 2327 yraec.
404 2270 439 2312 Ι
456 2283 506 2326 p.
539 2274 639 2316 226
661 2284 723 2327 sq.
748 2272 763 2327 ΙΙ
788 2275 874 2314 354
905 2269 1098 2314 Neistae
1129 2273 1241 2312 PBS
1273 2269 1385 2314 Beh.
1419 2273 1446 2314 1
1477 2270 1670 2325 neystae
1702 2282 1725 2310 ο
1762 2264 1917 2311 neiste

221 2362 340 2412 GHp
388 2372 448 2402 ne
486 2357 609 2402 istae
650 2364 682 2401 Τ
726 2357 898 2402 Neitae
944 2360 1042 2404 edd.
1079 2359 1087 2415 Ι
1120 2358 1412 2403 homoloidas
1445 2362 1520 2401 PB
1551 2342 1854 2421 h8moloidas·
1888 2359 1916 2398 Β

221 2416 481 2463 emoloidas
521 2422 634 2471 Gp'l'
672 2417 783 2462 Beh.
820 2417 890 2471 Of.
933 2418 1045 2462 VII
1080 2421 1178 2464 252
1209 2422 1214 2472 Ι
1243 2417 1441 2462 occubat
1470 2422 1503 2460 P
1534 2419 1550 2474 ΙΙ
1580 2421 1667 2462 355
1703 2415 1916 2473 proetiae

219 2482 323 2521 Pso
354 2477 464 2521 Belo.
498 2482 524 2520 1
564 2475 787 2533 procidae
819 2481 852 2519 B
884 2477 1065 2533 pretide
1090 2492 1115 2531 p
1148 2476 1392 2534 propethie
1423 2477 1533 2523 Βοὴ.
1566 2479 1598 2523 2
1636 2472 1851 2532 propelli&
1882 2477 1915 2515 Τ

220 2534 440 2592 prohecie
478 2540 520 2578 Η
566 2549 650 2591 pro
698 2535 811 2591 tyde
860 2540 895 2578 G
951 2535 1225 2580 Proetiades
1272 2536 1331 2580 R.
1380 2536 1583 2594 Unger-us
1635 2531 1914 2579 Proetiadae

220 2596 530 2641 Baehrensius
553 2594 795 2638 Proetides
822 2596 870 2638 et
886 2595 1237 2640 Lachmannum
1253 2600 1431 2640 secutus
1447 2595 1613 2652 scripsi
1627 2594 1726 2638 coll.
1742 2591 1913 2646 Eurip.

222 2655 391 2700 Phoen.
423 2658 543 2699 1109
576 2654 733 2698 Aesch.
768 2653 891 2710 Sept.
924 2657 1165 2712 36011358
1199 2653 1359 2707 Qualis
1391 2654 1441 2698 in
1473 2653 1627 2699 aversi
1656 2656 1690 2695 P
1718 2649 1802 2695 ubi
1833 2647 1914 2692 ad-

222 2713 344 2758 versi
375 2718 408 2757 B
443 2713 492 2769 (d
522 2714 575 2758 in
605 2713 717 2769 ras.)
753 2717 834 2755 SM
866 2712 948 2757 ubi
980 2714 1131 2757 aversi
1163 2715 1260 2758 edd.
1286 2719 1386 2760 vett.
1411 2716 1427 2771 fl
1450 2718 1537 2759 360
1567 2709 1824 2776 latentibus
1848 2707 1908 2766 ΡΙ

223 2772 347 2816 aruis
378 2776 453 2816 PB
465 2777 527 2827 Sp
560 2770 680 2816 alvis
706 2775 741 2813 G
775 2772 928 2818 Palat.
968 2772 1158 2818 Gruteri
1189 2772 1336 2817 alveis
1360 2780 1398 2818 R
1433 2772 1629 2818 Gronov.
1663 2781 1788 2814 arms
1818 2779 1915 2812 non

221 2837 379 2877 temere
416 2834 469 2877 in
509 2831 656 2876 alveis
695 2833 967 2875 mutandum
1007 2846 1094 2876 esse
1132 2835 1279 2877 monet
1310 2832 1535 2877 Heinsius
1572 2831 1635 2875 ad
1667 2827 1916 2874 Claudiam

219 2892 347 2949 idyll.
383 2896 427 2946 6,
462 2896 531 2934 11.
