1942 3190
0 2827 4 2898 ἰ

0 2955 10 3006 ἱ

699 172 1110 218 ACHILLEIDOS
1140 172 1191 217 L.
1225 174 1257 218 I.
1764 171 1831 223 13

208 295 402 349 Altera
441 295 668 349 consilio
710 296 958 363 superest
995 293 1314 363 tristemque
1353 293 1557 364 fatigat

135 369 281 424 Oura
321 370 504 440 deam,
541 372 733 423 natum
772 369 893 437 ipsa
933 368 1054 422 sinu
1093 369 1374 437 complexa
1412 387 1510 437 per
1548 367 1718 420 undas

135 443 226 497 An
262 461 463 514 magno
505 444 726 497 Tritone
764 443 921 512 ferat,
960 445 1222 496 ventosne
1262 443 1509 496 volucres

134 518 380 572 Advocet
420 538 488 571 an
527 519 722 588 pelago
764 517 986 570 solitam
1025 517 1427 570 Thaumantida
1464 517 1630 586 pasci.
1746 529 1832 569 220

135 593 306 645 Elicit
344 593 468 646 inde
507 592 662 645 fretis
703 595 758 644 et
795 591 998 644 murice
1036 591 1218 643 frenat
1258 593 1416 644 acuto

136 667 442 735 Delphinas
481 667 714 736 biiugos,
755 684 890 735 quos
929 665 1010 718 illi
1050 665 1288 717 maxima
1322 665 1524 733 Tethys

136 740 366 811 Gurgite
405 740 668 794 Atlanteo
707 740 888 810 pelagi
927 739 1026 792 sub
1066 739 1208 792 valle
1248 757 1448 793 sonora

137 815 443 869 Nutrierat:
480 814 645 867 nullis
685 813 825 867 vada
863 832 960 882 per
997 811 1273 883 Neptunia
1312 813 1537 881 glaucae

133 889 341 943 Tantus
379 889 555 942 honos
596 888 804 941 formae
842 888 1114 956 nandique
1146 887 1394 956 potentia
1423 905 1522 940 nec
1553 887 1675 956 plus
1748 899 1833 939 225

135 963 380 1016 Pectoris
419 962 670 1032 humani3
709 963 860 1015 iubet
898 962 998 1015 hos
1041 962 1335 1014 subsistere
1375 962 1536 1030 pleno

134 1036 338 1106 Litore,
375 1055 444 1090 ne
482 1037 656 1090 nudae
695 1039 924 1090 noceant
963 1036 1215 1106 contagia
1253 1039 1445 1088 terrae.
1517 1105 1522 1108 Ι

135 1111 264 1180 Ipsa
303 1111 493 1164 dehinc
530 1113 650 1164 toto
688 1111 988 1163 resolutum
1027 1113 1244 1179 pectore
1284 1110 1556 1163 Achillem

137 1183 267 1255 (Qui
306 1186 487 1254 pueris
528 1181 713 1255 sopor)
754 1184 1045 1238 Haemonii
1085 1185 1148 1238 de
1187 1185 1411 1253 rupibus
1455 1184 1599 1236 antri

133 1259 220 1312 Ad
258 1259 502 1329 placidas
543 1259 797 1328 deportat
837 1277 1005 1328 aquas
1046 1261 1100 1311 et
1137 1258 1286 1312 iussa
1324 1261 1502 1311 tacere
1747 1271 1834 1311 230

133 1333 347 1386 Litora:
387 1336 657 1387 monstrat
693 1334 798 1386 iter
835 1336 1059 1402 totoque
1099 1333 1392 1403 effulgurat
1431 1333 1560 1386 orbe

136 1405 386 1476 Cynthia.
461 1407 818 1476 Prosequitur
857 1407 1039 1460 divam
1079 1408 1381 1476 celeresque
1419 1425 1669 1460 recursus

139 1478 369 1533 Securus
409 1481 588 1550 pelagi
627 1479 828 1534 Chiron
867 1483 1028 1551 rogat
1074 1481 1283 1550 udaque
1323 1481 1464 1533 celat

136 1554 368 1607 Lumina
408 1558 462 1607 et
501 1555 756 1623 abreptos
798 1555 977 1607 subito
1015 1555 1126 1607 iam
1164 1555 1381 1625 iamque
1421 1555 1655 1607 latentes

134 1628 335 1682 Erecto
375 1631 690 1697 prospectat
730 1647 884 1698 equo,
924 1647 1030 1698 qua
1070 1647 1203 1681 cana
1241 1638 1532 1698 parumper
1747 1641 1833 1683 235

70 1765 78 1774 .
138 1701 406 1771 Spumant
445 1703 603 1772 signa
640 1702 802 1772 fugae
843 1706 898 1755 et
935 1702 1138 1772 liquido
1179 1703 1323 1771 perit
1362 1703 1544 1756 orbita
1581 1705 1766 1772 ponto,

137 1775 303 1829 Illum
342 1795 452 1830 non
493 1776 628 1830 alias
668 1776 968 1830 rediturum
1008 1776 1075 1830 ad
1115 1776 1378 1829 Thessala
1417 1776 1619 1846 Tempe

135 1850 254 1902 Iam
292 1849 469 1902 tristis
509 1850 736 1919 Pholoe,
775 1851 885 1903 iam
923 1851 1141 1903 nubilus
1181 1851 1412 1922 ingemit
1450 1851 1654 1919 Othrys

141 1922 217 1975 Et
257 1923 437 1975 senior
477 1922 772 1991 Spercheos
815 1925 966 1993 aquis
1009 1925 1374 1993 speluncaque
1413 1925 1559 1978 docti

137 1995 293 2050 Muta
332 1997 497 2067 senis;
537 2001 803 2067 quaerunt
840 1999 1073 2067 puerilia
1110 1999 1349 2051 carmina
1386 1998 1560 2051 Fauni
1747 2012 1834 2052 240

138 2070 213 2124 Et
252 2074 470 2140 sperata
509 2072 599 2124 diu
638 2072 859 2140 plorant
897 2072 1127 2126 conubia
1165 2072 1472 2142 Nymphae.

136 2261 287 2317 yemis
309 2261 416 2305 haec
434 2262 571 2306 verba
594 2262 790 2306 exhibet:
827 2261 1185 2320 ‘componitque
1214 2262 1361 2319 nidos,
1388 2264 1553 2321 quibus
1578 2264 1707 2308 ansia
1730 2265 1836 2320 (sic)

138 2321 272 2364 natos
297 2318 499 2364 effovet.'
526 2321 652 2377 11218
693 2321 920 2378 conplexa
950 2327 983 2364 P
1020 2324 1036 2379 ΙΙ
1075 2327 1160 2366 219
1194 2323 1419 2367 ventosne
1451 2327 1543 2366 AM
1577 2325 1834 2380 ventosque

138 2379 237 2424 edd.
262 2380 278 2436 ΙΙ
302 2378 410 2423 Post
425 2393 464 2423 v.
483 2382 582 2424 220
612 2380 665 2424 in
687 2386 708 2422 t
738 2394 778 2424 v.
804 2383 898 2425 234
927 2383 1132 2438 sequitur
1161 2396 1242 2426 ‘nec
1264 2386 1415 2426 tamen
1437 2396 1520 2427 suo
1545 2383 1639 2427 loco
1663 2384 1831 2427 omitti-

140 2440 243 2492 tur;
282 2451 434 2482 versus
465 2441 560 2483 221
593 2440 710 2483 deest
732 2440 749 2496 11
772 2444 858 2484 222
896 2440 1078 2497 biiugos
1109 2445 1177 2495 Pp
1195 2445 1264 2484 tn
1297 2440 1479 2498 biiuges
1503 2442 1676 2484 PcG²G
1707 2443 1804 2487 edd.
1823 2443 1835 2500 ΙΙ

140 2499 228 2539 224
275 2495 550 2554 Nutrigerat
587 2502 620 2540 P
665 2499 680 2554 ΙΙ
726 2503 812 2543 226
854 2498 1069 2557 Corporis
1112 2504 1154 2543 Η
1203 2503 1209 2557 Ι
1251 2500 1382 2545 iuuet
1412 2505 1445 2543 P
1491 2502 1507 2557 ΙΙ
1562 2504 1645 2545 228
1679 2500 1835 2558 Ipsum

144 2554 363 2599 Menkius
390 2558 396 2610 1
425 2570 615 2623 corpore
657 2558 962 2612 Wakefieldus
1000 2558 1217 2603 Achillen
1248 2564 1280 2602 P
1314 2561 1330 2617 ΙΙ
1365 2565 1450 2604 229
1486 2559 1597 2614 Quis
1629 2565 1674 2603 H
1698 2561 1796 2605 edd.
1827 2560 1832 2619 Ι

139 2617 241 2657 vett.
277 2616 283 2671 Ι
318 2628 452 2670 pueri
475 2615 650 2659 G²Gnt
694 2618 710 2673 ΙΙ
756 2622 843 2662 230
874 2618 938 2662 At
967 2622 1000 2661 P
1036 2619 1053 2676 ΙΙ
1098 2623 1183 2663 231
1232 2618 1481 2675 effulgurat
1522 2624 1555 2662 P
1587 2619 1837 2675 effulgerat

56 2718 65 2724 „
141 2671 296 2715 G²Po⁰
320 2674 473 2729 (prim.
521 2688 670 2730 man„
717 2677 864 2721 altera
895 2691 915 2721 s
961 2681 1204 2734 superser.)
1251 2678 1489 2723 effulserat
1533 2683 1579 2721 Μ
1640 2678 1837 2723 fulserat

144 2731 367 2788 Queckius
396 2734 412 2789 ΙΙ
442 2737 527 2777 233
559 2735 685 2779 rotat
715 2739 747 2777 P
785 2736 800 2792 ΙΙ
839 2741 924 2780 239
958 2736 1020 2781 Et
1051 2736 1203 2782 senior
1234 2742 1266 2780 P
1308 2737 1370 2782 Et
1393 2736 1547 2782 tenuis
1580 2739 1727 2782 ceteri.
1763 2736 1833 2792 Of.

140 2791 272 2859 infra
303 2792 375 2835 II
394 2794 483 2835 143
499 2805 589 2849 sqq.
614 2795 728 2847 (429
750 2799 864 2851 sqq.)
906 2796 1041 2841 Theb.
1075 2796 1163 2839 IV
1189 2799 1283 2842 838
1307 2798 1323 2853 ΙΙ
1347 2801 1433 2840 240
1450 2796 1599 2840 Mesta
1614 2800 1656 2839 Η
1678 2796 1682 2855 Ι
1703 2796 1836 2842 Muta

143 2863 265 2894 senis
290 2851 519 2907 queritur:
550 2852 750 2908 puerilia
774 2854 999 2900 Heinsius
1025 2869 1081 2900 ex
1111 2856 1238 2901 codd.
1257 2856 1485 2913 probante
1512 2856 1702 2901 Menkio
1734 2857 1832 2901 coll.

146 2907 281 2955 Theb.
317 2909 470 2954 V334
508 2909 657 2954 VIII
684 2915 789 2958 196.
