2028 3190
232 163 343 216 270
811 163 860 208 P.
893 163 1119 209 PAPmH
1150 164 1342 210 STATII

232 285 386 349 Quod
427 287 695 355 superest,
734 284 881 337 duris
921 284 1249 355 adfrangunt
1286 287 1537 356 postibus
1576 304 1806 358 ungue8‚

230 360 562 428 Pectoraque
603 362 659 411 et
697 358 869 411 siccos
908 359 1163 412 minuunt
1200 359 1257 412 in
1296 360 1483 413 limine
1521 361 1725 416 dentes,

305 432 382 485 At
417 433 606 502 procul
645 431 894 502 Argolici
933 433 1160 501 supplex
1198 434 1254 485 in
1292 435 1536 504 margine
1574 435 1767 506 templi

231 506 430 561 Coetus
473 510 527 560 et
567 506 633 559 ad
672 506 881 575 patrias
919 506 1072 559 fusae
1112 506 1429 576 Pelopeides
1470 526 1590 561 aras
1858 522 1917 563 50

229 579 589 651 Sceptriferae
628 580 851 633 Iunonis
893 598 1052 650 opem
1090 580 1430 651 reditumque
1469 600 1688 635 suorum

226 656 568 725 Exposcunt‚
606 655 887 723 pictasque
924 655 1069 707 fores
1110 658 1165 708 et
1205 655 1405 725 frigida
1443 655 1599 709 vultu

228 729 371 783 Saxa
409 732 592 782 terunt
631 746 938 797 parvosque
979 728 1171 781 docent
1207 729 1559 798 procumbere
1598 731 1775 783 natos.

227 802 594 858 Condiderant
632 803 740 855 iam
780 806 910 856 vota
949 802 1111 872 diem3
1151 821 1260 856 nox
1300 803 1484 855 addita
1522 821 1676 856 curas

226 878 434 947 Iungit‚
476 880 531 929 et
568 876 797 946 ingestis
836 876 1068 946 vigilant
1109 876 1306 929 altaria
1344 876 1595 930 fiammis,
1857 889 1915 930 55

225 951 453 1021 Peplum
494 953 661 1003 etiam
702 950 867 1019 dono,
907 950 1055 1002 cuius
1096 950 1343 1004 mirabile
1382 953 1589 1003 textum

223 1024 394 1079 Nulla
433 1044 596 1079 manu
637 1023 839 1077 sterilis
878 1042 978 1076 nec
1017 1024 1308 1077 dissociata
1347 1025 1543 1077 marito

193 1096 507 1168 'Versarat,
548 1098 779 1151 calathis
821 1102 1001 1150 castae
1041 1098 1316 1150 velamina
1355 1098 1508 1150 divae

223 1173 374 1226 Haut
412 1172 713 1243 spernenda
750 1172 954 1241 ferunt,
993 1172 1157 1224 variis
1197 1172 1292 1224 ubi
1330 1171 1567 1240 plurima
1605 1171 1763 1224 floret

222 1247 470 1316 Purpura
507 1246 655 1316 picta
693 1246 866 1299 modis
906 1245 1182 1314 mixtoque
1221 1245 1526 1298 incenditur
1567 1263 1712 1297 aur0.
1856 1258 1914 1299 60

222 1320 352 1389 Ipsa
389 1321 505 1373 illic
544 1319 730 1389 magni
768 1319 1014 1372 thalamo
1056 1319 1324 1387 desponsa
1363 1317 1652 1388 Tonanti8‚

223 1394 431 1464 Expers
474 1393 691 1447 conubii
731 1396 786 1446 et
823 1392 1014 1445 timide
1053 1394 1297 1461 positura
1337 1410 1602 1461 sororem,

220 1468 447 1521 Lumine
489 1467 721 1521 demisso
763 1467 917 1536 pueri
955 1466 1099 1519 Iovis
1141 1466 1326 1520 oscula
1364 1465 1503 1518 libat

222 1541 462 1611 Simplex
503 1545 557 1595 et
595 1541 836 1594 nondum
874 1541 1033 1592 furtis
1074 1541 1279 1593 offensa
1317 1539 1515 1592 mariti.

219 1616 340 1669 Hoc
379 1621 506 1668 tunc
544 1614 836 1684 Argolicae
878 1618 1125 1666 sanctum
1164 1612 1432 1667 velamine
1471 1614 1672 1666 matres
1853 1625 1910 1666 65

217 1689 510 1742 Induerant
550 1689 706 1756 ebur,
747 1692 800 1740 et
839 1687 1078 1740 lacrimis
1119 1690 1418 1757 questuque
1457 1686 1746 1755 rogabant:

218 1762 444 1832 ‘Aspice
484 1762 775 1831 sacrilegas
816 1759 1083 1814 Cadmeae
1121 1760 1344 1830 paelicis
1385 1778 1561 1828 arces,

219 1835 425 1890 Siderei
463 1836 654 1905 regina
693 1835 829 1904 poli,
868 1834 1246 1903 tumulumque
1284 1833 1546 1887 rebellem

216 1910 430 1964 Dissice
471 1913 526 1962 et
564 1910 621 1962 in
660 1908 878 1962 Thebas
919 1909 1067 1961 aliud
1109 1905 1312 1979 (potes)
1355 1910 1541 1960 excute
1579 1905 1820 1962 fulmen?

218 1984 358 2047 Quid
396 1983 597 2038 faciat?
640 1983 743 2036 scit
780 1982 918 2036 Fata
957 1983 1067 2035 suis
1109 1981 1384 2035 contraria
1425 1979 1582 2034 Grais
1852 1993 1907 2035 70

216 2057 591 2127 Aversumque
630 2056 839 2125 Iovem,
877 2056 970 2109 sed
1008 2074 1108 2109 nec
1144 2055 1371 2124 periisse
1410 2057 1661 2123 precatus

215 2131 495 2200 Tantaque
536 2131 678 2183 dona
715 2130 870 2198 velit3
910 2134 1126 2198 tempus
1166 2131 1351 2181 tamen
1391 2128 1552 2180 obvia
1589 2127 1777 2197 magni

214 2203 350 2257 Fors
393 2203 540 2257 dedit
579 2203 784 2256 auxilii.
860 2202 1025 2255 Videt
1065 2203 1178 2254 alto
1220 2220 1283 2253 ex
1316 2201 1535 2254 ‘aethere
1576 2201 1759 2254 clausa

214 2277 430 2331 Moenia
471 2281 525 2329 et
563 2276 804 2328 insomni
841 2276 1045 2328 vallum
1086 2274 1319 2327 statione
1359 2274 1553 2327 teneri:

214 2351 443 2404 Horruit
482 2350 684 2402 irarum
725 2349 960 2411 stimulis
1001 2351 1255 2416 motaque
1294 2348 1587 2401 verendum
1849 2359 1905 2401 75

217 2424 489 2477 Turbavit
527 2423 776 2475 diadema
815 2440 990 2475 coma:
1029 2440 1139 2475 non
1180 2422 1389 2475 saevius
1430 2422 1564 2474 arsit

213 2498 512 2551 Herculeae
553 2514 673 2549 cum
714 2495 905 2549 matris
948 2514 1083 2549 onus
1125 2495 1475 2565 geminosque
1516 2494 1781 2548 Tonantis

333 2645 390 2686 50
427 2640 557 2684 fusus
595 2645 629 2683 P
666 2642 681 2695 ΙΙ
721 2644 777 2684 55
817 2639 1015 2697 ingestis
1047 2645 1079 2683 P
1119 2639 1327 2697 aggestis
1369 2640 1505 2685 ceteri
1540 2641 1555 2695 ΙΙ
1594 2643 1650 2685 57
1689 2651 1832 2683 manu
1869 2642 1905 2682 P

212 2714 377 2744 manus
433 2700 564 2746 ceteri
608 2700 624 2756 ΙΙ
671 2704 726 2743 58
783 2700 1010 2743 Vertebat
1062 2704 1095 2742 P
1139 2701 1155 2755 ΙΙ
1203 2703 1257 2743 59
1314 2698 1566 2743 sternenda
1618 2697 1767 2743 ferum
1811 2701 1845 2740 P
1891 2696 1898 2755 Ι

210 2759 334 2804 foret
365 2765 397 2802 P
420 2773 495 2817 pr.
529 2774 611 2814 m,
642 2759 701 2803 al.
733 2771 964 2814 suprascr.
996 2758 1148 2802 feruet
1177 2760 1192 2816 ΙΙ
1224 2762 1276 2803 61
1320 2757 1543 2814 disponsa
1571 2761 1604 2799 P
1634 2759 1649 2813 ΙΙ
1681 2761 1737 2801 62
1776 2754 1902 2799 furo-

210 2831 310 2862 rem
350 2821 484 2876 (corr.
516 2832 571 2863 ex
614 2818 837 2873 sororem)
869 2817 927 2859 13²
957 2817 1185 2873 pudorem
1217 2820 1342 2859 ΒΗΤ
1372 2816 1514 2861 Behh.
1539 2817 1555 2871 ΙΙ
1579 2820 1634 2860 66
1666 2813 1903 2859 Imbuerat

210 2881 242 2918 P
266 2892 342 2933 pr.
375 2892 431 2922 m.
463 2876 719 2921 Induerunt
749 2876 975 2921 Barthius
1005 2877 1021 2933 ΙΙ
1053 2883 1105 2921 71
1138 2875 1487 2932 Adversumque
1518 2873 1756 2917 BG²GHT
1786 2873 1901 2919 Bek.
