<?xml version="1.0" encoding="UTF-8"?>
<!DOCTYPE html PUBLIC "-//W3C//DTD XHTML 1.0 Transitional//EN"
    "http://www.w3.org/TR/xhtml1/DTD/xhtml1-transitional.dtd">
<html xmlns="http://www.w3.org/1999/xhtml" xml:lang="en" lang="en">
 <head>
  <title>
</title>
<meta http-equiv="Content-Type" content="text/html;charset=utf-8" />
  <meta name='ocr-system' content='tesseract 3.04.00' />
  <meta name='ocr-capabilities' content='ocr_page ocr_carea ocr_par ocr_line ocrx_word'/>
</head>
<body>
  <div class='ocr_page' id='page_1' title='image "./operapapinius212statuoft_0229.png"; bbox 0 0 2008 3198; ppageno 0'>
   <div class='ocr_carea' id='block_1_1' title="bbox 720 163 1854 216">
    <p class='ocr_par' dir='ltr' id='par_1_1' title="bbox 720 163 1854 216">
     <span class='ocr_line' id='line_1_1' title="bbox 720 163 1854 216; baseline 0.006 -6"><span class='ocrx_word' id='word_1_1' title='bbox 720 164 1066 210; x_wconf 86' lang='lat' dir='ltr'><strong>THEBAIDOS</strong></span> <span class='ocrx_word' id='word_1_2' title='bbox 1098 164 1210 209; x_wconf 87' lang='lat' dir='ltr'>LIB.</span> <span class='ocrx_word' id='word_1_3' title='bbox 1242 163 1298 208; x_wconf 90' lang='lat' dir='ltr'>V.</span> <span class='ocrx_word' id='word_1_4' title='bbox 1751 164 1854 216; x_wconf 89' lang='grc'>141</span> 
     </span>
    </p>
   </div>
   <div class='ocr_carea' id='block_1_2' title="bbox 159 286 1922 2426">
    <p class='ocr_par' dir='ltr' id='par_1_2' title="bbox 159 286 1922 2426">
     <span class='ocr_line' id='line_1_2' title="bbox 169 286 1774 358; baseline -0.004 -13"><span class='ocrx_word' id='word_1_5' title='bbox 169 289 277 345; x_wconf 83' lang='lat' dir='ltr'>Sed</span> <span class='ocrx_word' id='word_1_6' title='bbox 313 288 462 343; x_wconf 91' lang='lat' dir='ltr'>videt</span> <span class='ocrx_word' id='word_1_7' title='bbox 499 287 655 358; x_wconf 84' lang='lat' dir='ltr'>haee,</span> <span class='ocrx_word' id='word_1_8' title='bbox 693 287 843 341; x_wconf 90' lang='lat' dir='ltr'>videt</span> <span class='ocrx_word' id='word_1_9' title='bbox 880 287 975 340; x_wconf 91' lang='lat' dir='ltr'>ille</span> <span class='ocrx_word' id='word_1_10' title='bbox 1015 286 1173 341; x_wconf 89' lang='lat' dir='ltr'>deum</span> <span class='ocrx_word' id='word_1_11' title='bbox 1213 288 1493 356; x_wconf 88' lang='lat' dir='ltr'>regnator,</span> <span class='ocrx_word' id='word_1_12' title='bbox 1533 287 1590 340; x_wconf 88' lang='lat' dir='ltr'>et</span> <span class='ocrx_word' id='word_1_13' title='bbox 1628 286 1774 339; x_wconf 88' lang='lat' dir='ltr'>ausis</span> 
     </span>
     <span class='ocr_line' id='line_1_3' title="bbox 172 359 1824 432; baseline -0.002 -15"><span class='ocrx_word' id='word_1_14' title='bbox 172 362 305 418; x_wconf 86' lang='lat' dir='ltr'>Sera</span> <span class='ocrx_word' id='word_1_15' title='bbox 342 361 580 432; x_wconf 90' lang='lat' dir='ltr'>quidem,</span> <span class='ocrx_word' id='word_1_16' title='bbox 619 363 803 414; x_wconf 88' lang='lat' dir='ltr'>manet</span> <span class='ocrx_word' id='word_1_17' title='bbox 841 361 924 414; x_wconf 89' lang='lat' dir='ltr'>ira</span> <span class='ocrx_word' id='word_1_18' title='bbox 961 359 1183 415; x_wconf 69' lang='lat' dir='ltr'>tamen.³</span> <span class='ocrx_word' id='word_1_19' title='bbox 1246 359 1334 414; x_wconf 80' lang='lat' dir='ltr'>Sic</span> <span class='ocrx_word' id='word_1_20' title='bbox 1371 360 1542 431; x_wconf 77' lang='lat' dir='ltr'>fatue,</span> <span class='ocrx_word' id='word_1_21' title='bbox 1581 361 1636 413; x_wconf 91' lang='lat' dir='ltr'>et</span> <span class='ocrx_word' id='word_1_22' title='bbox 1674 377 1824 413; x_wconf 88' lang='lat' dir='ltr'>arces</span> 
     </span>
     <span class='ocr_line' id='line_1_4' title="bbox 166 434 1862 506; baseline -0.002 -15"><span class='ocrx_word' id='word_1_23' title='bbox 166 436 429 506; x_wconf 86' lang='lat' dir='ltr'>Respicit.</span> <span class='ocrx_word' id='word_1_24' title='bbox 505 435 689 506; x_wconf 88' lang='lat' dir='ltr'>Atque</span> <span class='ocrx_word' id='word_1_25' title='bbox 727 435 843 488; x_wconf 89' lang='lat' dir='ltr'>illic</span> <span class='ocrx_word' id='word_1_26' title='bbox 882 435 988 489; x_wconf 91' lang='lat' dir='ltr'>alio</span> <span class='ocrx_word' id='word_1_27' title='bbox 1029 435 1320 488; x_wconf 72' lang='lat' dir='ltr'>certamine</span> <span class='ocrx_word' id='word_1_28' title='bbox 1358 434 1492 487; x_wconf 91' lang='lat' dir='ltr'>belli</span> <span class='ocrx_word' id='word_1_29' title='bbox 1776 445 1862 488; x_wconf 84' lang='grc'>690</span> 
     </span>
     <span class='ocr_line' id='line_1_5' title="bbox 170 509 1766 580; baseline -0.003 -15"><span class='ocrx_word' id='word_1_30' title='bbox 170 511 342 565; x_wconf 87' lang='lat' dir='ltr'>Tecta</span> <span class='ocrx_word' id='word_1_31' title='bbox 379 510 637 580; x_wconf 81' lang='lat' dir='ltr'>fremunt3</span> <span class='ocrx_word' id='word_1_32' title='bbox 678 509 922 563; x_wconf 87' lang='lat' dir='ltr'>volucres</span> <span class='ocrx_word' id='word_1_33' title='bbox 962 509 1203 578; x_wconf 90' lang='lat' dir='ltr'>equitum</span> <span class='ocrx_word' id='word_1_34' title='bbox 1241 511 1615 579; x_wconf 74' lang='lat' dir='ltr'>praeverterat</span> <span class='ocrx_word' id='word_1_35' title='bbox 1653 509 1766 562; x_wconf 89' lang='lat' dir='ltr'>alas</span> 
     </span>
     <span class='ocr_line' id='line_1_6' title="bbox 173 583 1642 655; baseline -0.001 -17"><span class='ocrx_word' id='word_1_36' title='bbox 173 585 346 639; x_wconf 85' lang='lat' dir='ltr'>Fama</span> <span class='ocrx_word' id='word_1_37' title='bbox 382 602 594 655; x_wconf 77' lang='lat' dir='ltr'>recenS,</span> <span class='ocrx_word' id='word_1_38' title='bbox 633 584 879 655; x_wconf 88' lang='lat' dir='ltr'>geminos</span> <span class='ocrx_word' id='word_1_39' title='bbox 920 583 1020 636; x_wconf 89' lang='lat' dir='ltr'>alis</span> <span class='ocrx_word' id='word_1_40' title='bbox 1061 583 1311 652; x_wconf 88' lang='lat' dir='ltr'>amplexa</span> <span class='ocrx_word' id='word_1_41' title='bbox 1349 583 1642 636; x_wconf 90' lang='lat' dir='ltr'>tumultus:</span> 
     </span>
     <span class='ocr_line' id='line_1_7' title="bbox 170 657 1678 727; baseline -0.002 -15"><span class='ocrx_word' id='word_1_42' title='bbox 170 659 262 713; x_wconf 89' lang='lat' dir='ltr'>Illi</span> <span class='ocrx_word' id='word_1_43' title='bbox 300 659 367 712; x_wconf 92' lang='lat' dir='ltr'>ad</span> <span class='ocrx_word' id='word_1_44' title='bbox 404 659 520 712; x_wconf 90' lang='lat' dir='ltr'>fata</span> <span class='ocrx_word' id='word_1_45' title='bbox 556 658 678 727; x_wconf 90' lang='lat' dir='ltr'>rapi</span> <span class='ocrx_word' id='word_1_46' title='bbox 717 660 878 726; x_wconf 89' lang='lat' dir='ltr'>atque</span> <span class='ocrx_word' id='word_1_47' title='bbox 917 657 1001 709; x_wconf 90' lang='lat' dir='ltr'>illi</span> <span class='ocrx_word' id='word_1_48' title='bbox 1040 657 1151 710; x_wconf 88' lang='lat' dir='ltr'>iam</span> <span class='ocrx_word' id='word_1_49' title='bbox 1191 657 1506 710; x_wconf 86' lang='lat' dir='ltr'>occumbere</span> <span class='ocrx_word' id='word_1_50' title='bbox 1544 657 1678 726; x_wconf 92' lang='lat' dir='ltr'>leto,</span> 
     </span>
     <span class='ocr_line' id='line_1_8' title="bbox 173 731 1866 801; baseline -0.002 -15"><span class='ocrx_word' id='word_1_51' title='bbox 173 732 262 787; x_wconf 84' lang='lat' dir='ltr'>Sic</span> <span class='ocrx_word' id='word_1_52' title='bbox 299 733 553 786; x_wconf 88' lang='lat' dir='ltr'>meritam</span> <span class='ocrx_word' id='word_1_53' title='bbox 582 731 928 801; x_wconf 84' lang='lat' dir='ltr'>Hypsipylen</span> <span class='ocrx_word' id='word_1_54' title='bbox 966 731 1192 799; x_wconf 89' lang='lat' dir='ltr'>iterant,</span> <span class='ocrx_word' id='word_1_55' title='bbox 1233 731 1585 800; x_wconf 86' lang='lat' dir='ltr'>creduntque,</span> <span class='ocrx_word' id='word_1_56' title='bbox 1623 748 1724 784; x_wconf 85' lang='lat' dir='ltr'>nec</span> <span class='ocrx_word' id='word_1_57' title='bbox 1754 731 1866 784; x_wconf 87' lang='lat' dir='ltr'>irae</span> 
     </span>
     <span class='ocr_line' id='line_1_9' title="bbox 171 804 1866 876; baseline -0.001 -16"><span class='ocrx_word' id='word_1_58' title='bbox 171 806 263 860; x_wconf 87' lang='lat' dir='ltr'>Fit</span> <span class='ocrx_word' id='word_1_59' title='bbox 299 825 478 876; x_wconf 88' lang='lat' dir='ltr'>mora,</span> <span class='ocrx_word' id='word_1_60' title='bbox 516 807 733 875; x_wconf 89' lang='lat' dir='ltr'>iamque</span> <span class='ocrx_word' id='word_1_61' title='bbox 771 804 917 858; x_wconf 88' lang='lat' dir='ltr'>faces</span> <span class='ocrx_word' id='word_1_62' title='bbox 957 807 1012 857; x_wconf 91' lang='lat' dir='ltr'>et</span> <span class='ocrx_word' id='word_1_63' title='bbox 1050 805 1163 858; x_wconf 91' lang='lat' dir='ltr'>tela</span> <span class='ocrx_word' id='word_1_64' title='bbox 1193 805 1484 874; x_wconf 90' lang='lat' dir='ltr'>penatibus</span> <span class='ocrx_word' id='word_1_65' title='bbox 1515 805 1747 874; x_wconf 87' lang='lat' dir='ltr'>instant,</span> <span class='ocrx_word' id='word_1_66' title='bbox 1780 817 1866 858; x_wconf 83' lang='lat'>695</span> 
     </span>
     <span class='ocr_line' id='line_1_10' title="bbox 172 877 1868 951; baseline -0.002 -17"><span class='ocrx_word' id='word_1_67' title='bbox 172 880 401 935; x_wconf 87' lang='lat' dir='ltr'>Vertere</span> <span class='ocrx_word' id='word_1_68' title='bbox 439 897 611 951; x_wconf 89' lang='lat' dir='ltr'>regna</span> <span class='ocrx_word' id='word_1_69' title='bbox 647 879 887 932; x_wconf 82' lang='lat' dir='ltr'>fremunt</span> <span class='ocrx_word' id='word_1_70' title='bbox 925 881 1249 948; x_wconf 89' lang='lat' dir='ltr'>raptumque</span> <span class='ocrx_word' id='word_1_71' title='bbox 1289 878 1498 932; x_wconf 89' lang='lat' dir='ltr'>auferre</span> <span class='ocrx_word' id='word_1_72' title='bbox 1537 877 1868 950; x_wconf 82' lang='lat' dir='ltr'>Lycurgum,</span> 
     </span>
     <span class='ocr_line' id='line_1_11' title="bbox 175 953 1756 1023; baseline -0.001 -15"><span class='ocrx_word' id='word_1_73' title='bbox 175 953 313 1008; x_wconf 85' lang='lat' dir='ltr'>Cum</span> <span class='ocrx_word' id='word_1_74' title='bbox 350 954 480 1008; x_wconf 90' lang='lat' dir='ltr'>Iove</span> <span class='ocrx_word' id='word_1_75' title='bbox 519 971 745 1023; x_wconf 91' lang='lat' dir='ltr'>cumque</span> <span class='ocrx_word' id='word_1_76' title='bbox 785 953 913 1023; x_wconf 82' lang='lat' dir='ltr'>aris3</span> <span class='ocrx_word' id='word_1_77' title='bbox 959 957 1219 1006; x_wconf 91' lang='lat' dir='ltr'>resonant</span> <span class='ocrx_word' id='word_1_78' title='bbox 1256 953 1556 1007; x_wconf 91' lang='lat' dir='ltr'>ululatibus</span> <span class='ocrx_word' id='word_1_79' title='bbox 1598 954 1756 1007; x_wconf 90' lang='lat' dir='ltr'>aedes</span> 
     </span>
     <span class='ocr_line' id='line_1_12' title="bbox 172 1027 1562 1098; baseline -0.001 -17"><span class='ocrx_word' id='word_1_80' title='bbox 172 1027 466 1098; x_wconf 87' lang='lat' dir='ltr'>Femineis,</span> <span class='ocrx_word' id='word_1_81' title='bbox 504 1046 799 1097; x_wconf 89' lang='lat' dir='ltr'>versusque</span> <span class='ocrx_word' id='word_1_82' title='bbox 840 1028 995 1081; x_wconf 89' lang='lat' dir='ltr'>dolor</span> <span class='ocrx_word' id='word_1_83' title='bbox 1033 1028 1128 1080; x_wconf 89' lang='lat' dir='ltr'>dat</span> <span class='ocrx_word' id='word_1_84' title='bbox 1164 1031 1324 1098; x_wconf 86' lang='lat' dir='ltr'>terga</span> <span class='ocrx_word' id='word_1_85' title='bbox 1360 1027 1562 1080; x_wconf 88' lang='lat' dir='ltr'>timori.</span> 
     </span>
     <span class='ocr_line' id='line_1_13' title="bbox 246 1101 1652 1171; baseline -0.001 -16"><span class='ocrx_word' id='word_1_86' title='bbox 246 1102 538 1171; x_wconf 86' lang='lat' dir='ltr'>Alipedum</span> <span class='ocrx_word' id='word_1_87' title='bbox 579 1121 740 1155; x_wconf 90' lang='lat' dir='ltr'>curru</span> <span class='ocrx_word' id='word_1_88' title='bbox 779 1101 871 1154; x_wconf 91' lang='lat' dir='ltr'>sed</span> <span class='ocrx_word' id='word_1_89' title='bbox 910 1102 1056 1155; x_wconf 91' lang='lat' dir='ltr'>enim</span> <span class='ocrx_word' id='word_1_90' title='bbox 1096 1101 1342 1155; x_wconf 86' lang='lat' dir='ltr'>sublimis</span> <span class='ocrx_word' id='word_1_91' title='bbox 1383 1101 1652 1155; x_wconf 82' lang='lat' dir='ltr'>Adrastus</span> 
     </span>
     <span class='ocr_line' id='line_1_14' title="bbox 175 1175 1870 1244; baseline -0.001 -14"><span class='ocrx_word' id='word_1_92' title='bbox 175 1175 370 1230; x_wconf 81' lang='lat' dir='ltr'>Secum</span> <span class='ocrx_word' id='word_1_93' title='bbox 388 1179 514 1230; x_wconf 90' lang='lat' dir='ltr'>ante</span> <span class='ocrx_word' id='word_1_94' title='bbox 532 1194 628 1230; x_wconf 90' lang='lat' dir='ltr'>ora</span> <span class='ocrx_word' id='word_1_95' title='bbox 643 1176 820 1229; x_wconf 91' lang='lat' dir='ltr'>virum</span> <span class='ocrx_word' id='word_1_96' title='bbox 837 1175 1181 1230; x_wconf 91' lang='lat' dir='ltr'>fremibunda</span> <span class='ocrx_word' id='word_1_97' title='bbox 1198 1175 1510 1229; x_wconf 87' lang='lat' dir='ltr'>Thoantida</span> <span class='ocrx_word' id='word_1_98' title='bbox 1526 1178 1757 1244; x_wconf 88' lang='lat' dir='ltr'>portans</span> <span class='ocrx_word' id='word_1_99' title='bbox 1784 1187 1870 1230; x_wconf 84' lang='grc'>’100</span> 
     </span>
     <span class='ocr_line' id='line_1_15' title="bbox 159 1248 1664 1320; baseline -0.001 -17"><span class='ocrx_word' id='word_1_100' title='bbox 159 1250 228 1303; x_wconf 90' lang='lat' dir='ltr'>-It</span> <span class='ocrx_word' id='word_1_101' title='bbox 265 1251 474 1303; x_wconf 87' lang='lat' dir='ltr'>medius</span> <span class='ocrx_word' id='word_1_102' title='bbox 513 1251 708 1303; x_wconf 89' lang='lat' dir='ltr'>turmis</span> <span class='ocrx_word' id='word_1_103' title='bbox 717 1292 731 1319; x_wconf 95' lang='lat'>,</span> <span class='ocrx_word' id='word_1_104' title='bbox 772 1253 826 1302; x_wconf 92' lang='lat' dir='ltr'>et</span> <span class='ocrx_word' id='word_1_105' title='bbox 865 1248 1112 1320; x_wconf 70' lang='lat' dir='ltr'>‘parcite,</span> <span class='ocrx_word' id='word_1_106' title='bbox 1150 1250 1356 1319; x_wconf 89' lang='lat' dir='ltr'>parcite</span> <span class='ocrx_word' id='word_1_107' title='bbox 1370 1249 1402 1302; x_wconf 78' lang='lat'>1&#39;</span> <span class='ocrx_word' id='word_1_108' title='bbox 1443 1250 1664 1319; x_wconf 89' lang='lat' dir='ltr'>clamat,</span> 
     </span>
     <span class='ocr_line' id='line_1_16' title="bbox 178 1323 1610 1393; baseline -0.001 -15"><span class='ocrx_word' id='word_1_109' title='bbox 178 1323 293 1378; x_wconf 77' lang='lat' dir='ltr'>‘Nil</span> <span class='ocrx_word' id='word_1_110' title='bbox 332 1328 514 1378; x_wconf 88' lang='lat' dir='ltr'>actum</span> <span class='ocrx_word' id='word_1_111' title='bbox 555 1342 736 1393; x_wconf 91' lang='lat' dir='ltr'>saeve,</span> <span class='ocrx_word' id='word_1_112' title='bbox 775 1323 1003 1376; x_wconf 90' lang='lat' dir='ltr'>meritus</span> <span class='ocrx_word' id='word_1_113' title='bbox 1041 1342 1139 1376; x_wconf 88' lang='lat' dir='ltr'>nec</span> <span class='ocrx_word' id='word_1_114' title='bbox 1176 1324 1287 1376; x_wconf 91' lang='lat' dir='ltr'>tale</span> <span class='ocrx_word' id='word_1_115' title='bbox 1326 1323 1610 1393; x_wconf 91' lang='lat' dir='ltr'>Lycurgus</span> 
     </span>
     <span class='ocr_line' id='line_1_17' title="bbox 177 1397 1560 1468; baseline -0.001 -17"><span class='ocrx_word' id='word_1_116' title='bbox 177 1397 488 1466; x_wconf 86' lang='lat' dir='ltr'>Excidium,</span> <span class='ocrx_word' id='word_1_117' title='bbox 528 1398 779 1468; x_wconf 83' lang='lat' dir='ltr'>gratique</span> <span class='ocrx_word' id='word_1_118' title='bbox 817 1397 1088 1452; x_wconf 86' lang='lat' dir='ltr'>inventrix</span> <span class='ocrx_word' id='word_1_119' title='bbox 1126 1398 1366 1450; x_wconf 90' lang='lat' dir='ltr'>fluminis</span> <span class='ocrx_word' id='word_1_120' title='bbox 1407 1397 1560 1450; x_wconf 70' lang='lat' dir='ltr'>ecce.⁹</span> 
     </span>
     <span class='ocr_line' id='line_1_18' title="bbox 183 1469 1455 1539; baseline 0.001 -16"><span class='ocrx_word' id='word_1_121' title='bbox 183 1469 271 1524; x_wconf 83' lang='lat' dir='ltr'>Sic</span> <span class='ocrx_word' id='word_1_122' title='bbox 309 1471 403 1524; x_wconf 92' lang='lat' dir='ltr'>ubi</span> <span class='ocrx_word' id='word_1_123' title='bbox 442 1471 669 1525; x_wconf 91' lang='lat' dir='ltr'>diversis</span> <span class='ocrx_word' id='word_1_124' title='bbox 711 1471 884 1524; x_wconf 89' lang='lat' dir='ltr'>maria</span> <span class='ocrx_word' id='word_1_125' title='bbox 923 1474 1162 1524; x_wconf 89' lang='lat' dir='ltr'>evertere</span> <span class='ocrx_word' id='word_1_126' title='bbox 1201 1471 1455 1539; x_wconf 86' lang='lat' dir='ltr'>procellis</span> 
     </span>
     <span class='ocr_line' id='line_1_19' title="bbox 179 1543 1873 1615; baseline 0 -17"><span class='ocrx_word' id='word_1_127' title='bbox 179 1544 324 1598; x_wconf 86' lang='lat' dir='ltr'>Hinc</span> <span class='ocrx_word' id='word_1_128' title='bbox 346 1543 549 1598; x_wconf 88' lang='lat' dir='ltr'>Boreas</span> <span class='ocrx_word' id='word_1_129' title='bbox 574 1544 874 1614; x_wconf 86' lang='lat' dir='ltr'>Eurusque,</span> <span class='ocrx_word' id='word_1_130' title='bbox 899 1545 1050 1598; x_wconf 89' lang='lat' dir='ltr'>illinc</span> <span class='ocrx_word' id='word_1_131' title='bbox 1072 1546 1229 1615; x_wconf 87' lang='lat' dir='ltr'>niger</span> <span class='ocrx_word' id='word_1_132' title='bbox 1252 1545 1518 1597; x_wconf 88' lang='lat' dir='ltr'>imbribus</span> <span class='ocrx_word' id='word_1_133' title='bbox 1545 1543 1761 1614; x_wconf 80' lang='lat' dir='ltr'>Auster,</span> <span class='ocrx_word' id='word_1_134' title='bbox 1788 1557 1873 1598; x_wconf 81' lang='lat'>705</span> 
     </span>
     <span class='ocr_line' id='line_1_20' title="bbox 179 1618 1770 1689; baseline -0.001 -16"><span class='ocrx_word' id='word_1_135' title='bbox 179 1618 348 1673; x_wconf 89' lang='lat' dir='ltr'>Pulsa</span> <span class='ocrx_word' id='word_1_136' title='bbox 387 1618 500 1671; x_wconf 89' lang='lat' dir='ltr'>dies</span> <span class='ocrx_word' id='word_1_137' title='bbox 539 1622 878 1689; x_wconf 89' lang='lat' dir='ltr'>regnantque</span> <span class='ocrx_word' id='word_1_138' title='bbox 916 1619 1151 1687; x_wconf 76' lang='lat' dir='ltr'>hiemeS,</span> <span class='ocrx_word' id='word_1_139' title='bbox 1191 1619 1340 1671; x_wconf 91' lang='lat' dir='ltr'>venit</span> <span class='ocrx_word' id='word_1_140' title='bbox 1379 1619 1629 1688; x_wconf 88' lang='lat' dir='ltr'>aequoris</span> <span class='ocrx_word' id='word_1_141' title='bbox 1671 1619 1770 1671; x_wconf 90' lang='lat' dir='ltr'>alti</span> 
     </span>
     <span class='ocr_line' id='line_1_21' title="bbox 182 1692 1801 1762; baseline 0 -15"><span class='ocrx_word' id='word_1_142' title='bbox 182 1692 298 1747; x_wconf 86' lang='lat' dir='ltr'>Rex</span> <span class='ocrx_word' id='word_1_143' title='bbox 338 1693 588 1746; x_wconf 85' lang='lat' dir='ltr'>sublimis</span> <span class='ocrx_word' id='word_1_144' title='bbox 629 1693 801 1762; x_wconf 89' lang='lat' dir='ltr'>equis,</span> <span class='ocrx_word' id='word_1_145' title='bbox 843 1693 1196 1762; x_wconf 86' lang='lat' dir='ltr'>geminusque</span> <span class='ocrx_word' id='word_1_146' title='bbox 1237 1693 1304 1745; x_wconf 89' lang='lat' dir='ltr'>ad</span> <span class='ocrx_word' id='word_1_147' title='bbox 1345 1710 1568 1762; x_wconf 88' lang='lat' dir='ltr'>spumea</span> <span class='ocrx_word' id='word_1_148' title='bbox 1607 1692 1801 1747; x_wconf 89' lang='lat' dir='ltr'>Triton</span> 
     </span>
     <span class='ocr_line' id='line_1_22' title="bbox 179 1765 1775 1837; baseline 0.001 -19"><span class='ocrx_word' id='word_1_149' title='bbox 179 1765 356 1820; x_wconf 89' lang='lat' dir='ltr'>Frena</span> <span class='ocrx_word' id='word_1_150' title='bbox 394 1770 591 1820; x_wconf 90' lang='lat' dir='ltr'>natans</span> <span class='ocrx_word' id='word_1_151' title='bbox 630 1768 741 1819; x_wconf 88' lang='lat' dir='ltr'>late</span> <span class='ocrx_word' id='word_1_152' title='bbox 780 1767 977 1837; x_wconf 89' lang='lat' dir='ltr'>pelago</span> <span class='ocrx_word' id='word_1_153' title='bbox 1019 1766 1113 1819; x_wconf 90' lang='lat' dir='ltr'>dat</span> <span class='ocrx_word' id='word_1_154' title='bbox 1153 1767 1312 1837; x_wconf 86' lang='lat' dir='ltr'>signa</span> <span class='ocrx_word' id='word_1_155' title='bbox 1351 1767 1588 1836; x_wconf 88' lang='lat' dir='ltr'>cadenti,</span> <span class='ocrx_word' id='word_1_156' title='bbox 1771 1770 1775 1774; x_wconf 84' lang='grc'><strong>’</strong></span> 
     </span>
     <span class='ocr_line' id='line_1_23' title="bbox 180 1838 1816 1910; baseline 0.001 -18"><span class='ocrx_word' id='word_1_157' title='bbox 180 1838 258 1892; x_wconf 81' lang='lat' dir='ltr'>Et</span> <span class='ocrx_word' id='word_1_158' title='bbox 295 1841 407 1892; x_wconf 90' lang='lat' dir='ltr'>iam</span> <span class='ocrx_word' id='word_1_159' title='bbox 445 1841 610 1909; x_wconf 91' lang='lat' dir='ltr'>plana</span> <span class='ocrx_word' id='word_1_160' title='bbox 649 1840 836 1892; x_wconf 90' lang='lat' dir='ltr'>Thetis</span> <span class='ocrx_word' id='word_1_161' title='bbox 847 1882 860 1908; x_wconf 96' lang='lat'>,</span> <span class='ocrx_word' id='word_1_162' title='bbox 899 1844 1217 1910; x_wconf 89' lang='lat' dir='ltr'>montesque</span> <span class='ocrx_word' id='word_1_163' title='bbox 1257 1843 1312 1892; x_wconf 90' lang='lat' dir='ltr'>et</span> <span class='ocrx_word' id='word_1_164' title='bbox 1349 1841 1513 1894; x_wconf 88' lang='lat' dir='ltr'>litora</span> <span class='ocrx_word' id='word_1_165' title='bbox 1553 1843 1816 1894; x_wconf 87' lang='lat' dir='ltr'>crescunt.</span> 
     </span>
     <span class='ocr_line' id='line_1_24' title="bbox 258 1911 1875 1983; baseline 0.001 -17"><span class='ocrx_word' id='word_1_166' title='bbox 258 1911 388 1974; x_wconf 83' lang='lat' dir='ltr'>Quis</span> <span class='ocrx_word' id='word_1_167' title='bbox 429 1931 683 1983; x_wconf 89' lang='lat' dir='ltr'>superum</span> <span class='ocrx_word' id='word_1_168' title='bbox 721 1916 875 1966; x_wconf 91' lang='lat' dir='ltr'>tanto</span> <span class='ocrx_word' id='word_1_169' title='bbox 917 1914 1123 1966; x_wconf 89' lang='lat' dir='ltr'>solatus</span> <span class='ocrx_word' id='word_1_170' title='bbox 1163 1913 1357 1966; x_wconf 85' lang='lat' dir='ltr'>funera</span> <span class='ocrx_word' id='word_1_171' title='bbox 1394 1918 1524 1967; x_wconf 93' lang='lat' dir='ltr'>voto</span> <span class='ocrx_word' id='word_1_172' title='bbox 1789 1926 1875 1968; x_wconf 82' lang='lat'>710</span> 
     </span>
     <span class='ocr_line' id='line_1_25' title="bbox 180 1986 1614 2056; baseline 0.001 -17"><span class='ocrx_word' id='word_1_173' title='bbox 180 1986 440 2040; x_wconf 85' lang='lat' dir='ltr'>Pensavit</span> <span class='ocrx_word' id='word_1_174' title='bbox 477 1988 731 2040; x_wconf 87' lang='lat' dir='ltr'>lacrimas</span> <span class='ocrx_word' id='word_1_175' title='bbox 771 1986 1097 2056; x_wconf 91' lang='lat' dir='ltr'>inopinaque</span> <span class='ocrx_word' id='word_1_176' title='bbox 1137 1986 1335 2056; x_wconf 89' lang='lat' dir='ltr'>gaudia</span> <span class='ocrx_word' id='word_1_177' title='bbox 1374 1990 1614 2040; x_wconf 89' lang='lat' dir='ltr'>maestae</span> 
     </span>
     <span class='ocr_line' id='line_1_26' title="bbox 179 2059 1742 2132; baseline 0.001 -19"><span class='ocrx_word' id='word_1_178' title='bbox 179 2059 418 2113; x_wconf 86' lang='lat' dir='ltr'>Rettulit</span> <span class='ocrx_word' id='word_1_179' title='bbox 455 2060 831 2132; x_wconf 81' lang='lat' dir='ltr'>Hypsipylae?</span> <span class='ocrx_word' id='word_1_180' title='bbox 872 2060 954 2113; x_wconf 87' lang='lat' dir='ltr'>Tu</span> <span class='ocrx_word' id='word_1_181' title='bbox 995 2060 1173 2131; x_wconf 90' lang='lat' dir='ltr'>gentis</span> <span class='ocrx_word' id='word_1_182' title='bbox 1214 2061 1482 2129; x_wconf 87' lang='lat' dir='ltr'>conditor,</span> <span class='ocrx_word' id='word_1_183' title='bbox 1522 2060 1742 2131; x_wconf 84' lang='lat' dir='ltr'>Euhan,</span> 
     </span>
     <span class='ocr_line' id='line_1_27' title="bbox 182 2133 1591 2205; baseline 0 -18"><span class='ocrx_word' id='word_1_184' title='bbox 182 2133 289 2196; x_wconf 83' lang='lat' dir='ltr'>Qui</span> <span class='ocrx_word' id='word_1_185' title='bbox 328 2135 575 2205; x_wconf 83' lang='lat' dir='ltr'>geminos</span> <span class='ocrx_word' id='word_1_186' title='bbox 615 2137 835 2187; x_wconf 88' lang='lat' dir='ltr'>iuvenes</span> <span class='ocrx_word' id='word_1_187' title='bbox 876 2134 1066 2187; x_wconf 90' lang='lat' dir='ltr'>Lemni</span> <span class='ocrx_word' id='word_1_188' title='bbox 1107 2135 1171 2187; x_wconf 90' lang='lat' dir='ltr'>de</span> <span class='ocrx_word' id='word_1_189' title='bbox 1210 2135 1369 2187; x_wconf 92' lang='lat' dir='ltr'>litore</span> <span class='ocrx_word' id='word_1_190' title='bbox 1409 2137 1591 2188; x_wconf 89' lang='lat' dir='ltr'>vectos</span> 
     </span>
     <span class='ocr_line' id='line_1_28' title="bbox 178 2206 1566 2278; baseline 0.001 -18"><span class='ocrx_word' id='word_1_191' title='bbox 178 2206 454 2262; x_wconf 90' lang='lat' dir='ltr'>Intuleras</span> <span class='ocrx_word' id='word_1_192' title='bbox 492 2208 729 2262; x_wconf 89' lang='lat' dir='ltr'>Nemeae</span> <span class='ocrx_word' id='word_1_193' title='bbox 770 2208 1122 2278; x_wconf 89' lang='lat' dir='ltr'>mirandaque</span> <span class='ocrx_word' id='word_1_194' title='bbox 1161 2208 1278 2262; x_wconf 86' lang='lat' dir='ltr'>fata</span> <span class='ocrx_word' id='word_1_195' title='bbox 1315 2210 1566 2278; x_wconf 87' lang='lat' dir='ltr'>parabas.</span> 
     </span>
     <span class='ocr_line' id='line_1_29' title="bbox 183 2279 1922 2353; baseline -0.002 -18"><span class='ocrx_word' id='word_1_196' title='bbox 183 2279 363 2335; x_wconf 82' lang='lat' dir='ltr'>Causa</span> <span class='ocrx_word' id='word_1_197' title='bbox 398 2284 518 2336; x_wconf 88' lang='lat' dir='ltr'>viae</span> <span class='ocrx_word' id='word_1_198' title='bbox 558 2283 826 2353; x_wconf 86' lang='lat' dir='ltr'>genetrix,</span> <span class='ocrx_word' id='word_1_199' title='bbox 866 2300 965 2335; x_wconf 89' lang='lat' dir='ltr'>nec</span> <span class='ocrx_word' id='word_1_200' title='bbox 1004 2282 1282 2352; x_wconf 84' lang='lat' dir='ltr'>inhospita</span> <span class='ocrx_word' id='word_1_201' title='bbox 1318 2285 1465 2336; x_wconf 88' lang='lat' dir='ltr'>tecta</span> <span class='ocrx_word' id='word_1_202' title='bbox 1504 2282 1742 2353; x_wconf 87' lang='lat' dir='ltr'>Lycurgi</span> <span class='ocrx_word' id='word_1_203' title='bbox 1791 2294 1922 2337; x_wconf 79' lang='grc'><strong>715.</strong></span> 
     </span>
     <span class='ocr_line' id='line_1_30' title="bbox 181 2353 1581 2426; baseline 0.002 -19"><span class='ocrx_word' id='word_1_204' title='bbox 181 2353 551 2409; x_wconf 89' lang='lat' dir='ltr'>Praebuerant</span> <span class='ocrx_word' id='word_1_205' title='bbox 590 2357 793 2426; x_wconf 90' lang='lat' dir='ltr'>aditus,</span> <span class='ocrx_word' id='word_1_206' title='bbox 833 2360 887 2409; x_wconf 91' lang='lat' dir='ltr'>et</span> <span class='ocrx_word' id='word_1_207' title='bbox 924 2357 1174 2425; x_wconf 89' lang='lat' dir='ltr'>protinus</span> <span class='ocrx_word' id='word_1_208' title='bbox 1215 2357 1309 2409; x_wconf 92' lang='lat' dir='ltr'>ille</span> <span class='ocrx_word' id='word_1_209' title='bbox 1349 2360 1581 2426; x_wconf 89' lang='lat' dir='ltr'>tyranno</span> 
     </span>
    </p>
   </div>
   <div class='ocr_carea' id='block_1_3' title="bbox 184 2515 1876 2701">
    <p class='ocr_par' dir='ltr' id='par_1_3' title="bbox 184 2515 1876 2701">
     <span class='ocr_line' id='line_1_31' title="bbox 304 2515 1876 2573; baseline 0.001 -16"><span class='ocrx_word' id='word_1_210' title='bbox 304 2519 388 2558; x_wconf 82' lang='lat'>692</span> <span class='ocrx_word' id='word_1_211' title='bbox 445 2528 495 2559; x_wconf 89' lang='lat' dir='ltr'>re</span> <span class='ocrx_word' id='word_1_212' title='bbox 530 2529 611 2560; x_wconf 87' lang='lat' dir='ltr'>ens</span> <span class='ocrx_word' id='word_1_213' title='bbox 657 2516 886 2561; x_wconf 74' lang='lat' dir='ltr'>Barthius</span> <span class='ocrx_word' id='word_1_214' title='bbox 927 2520 934 2572; x_wconf 74' lang='grc'>1</span> <span class='ocrx_word' id='word_1_215' title='bbox 977 2515 1281 2572; x_wconf 90' lang='lat' dir='ltr'>geminosque</span> <span class='ocrx_word' id='word_1_216' title='bbox 1337 2515 1432 2560; x_wconf 87' lang='lat' dir='ltr'>suis</span> <span class='ocrx_word' id='word_1_217' title='bbox 1489 2515 1707 2573; x_wconf 85' lang='lat' dir='ltr'>amplexa</span> <span class='ocrx_word' id='word_1_218' title='bbox 1751 2516 1876 2559; x_wconf 82' lang='lat' dir='ltr'>Bur-</span> 
     </span>
     <span class='ocr_line' id='line_1_32' title="bbox 184 2573 1876 2641; baseline 0.001 -24"><span class='ocrx_word' id='word_1_219' title='bbox 184 2587 382 2618; x_wconf 75' lang='lat' dir='ltr'>mannus</span> <span class='ocrx_word' id='word_1_220' title='bbox 421 2587 449 2617; x_wconf 91' lang='lat' dir='ltr'>a</span> <span class='ocrx_word' id='word_1_221' title='bbox 488 2573 496 2582; x_wconf 85' lang='lat'><strong><em>‘</em></strong></span> <span class='ocrx_word' id='word_1_222' title='bbox 525 2573 562 2617; x_wconf 84' lang='lat' dir='ltr'>&#39;s</span> <span class='ocrx_word' id='word_1_223' title='bbox 588 2574 838 2641; x_wconf 32' lang='lat' dir='ltr'>‘complexa</span> <span class='ocrx_word' id='word_1_224' title='bbox 867 2576 1195 2620; x_wconf 74' lang='lat' dir='ltr'>Lachmannus</span> <span class='ocrx_word' id='word_1_225' title='bbox 1218 2578 1233 2634; x_wconf 84' lang='grc' dir='ltr'>ΙΙ</span> <span class='ocrx_word' id='word_1_226' title='bbox 1258 2581 1344 2620; x_wconf 86' lang='grc'>694</span> <span class='ocrx_word' id='word_1_227' title='bbox 1377 2575 1666 2619; x_wconf 89' lang='lat' dir='ltr'>Immeritam</span> <span class='ocrx_word' id='word_1_228' title='bbox 1705 2575 1876 2631; x_wconf 75' lang='lat' dir='ltr'>Peyra-</span> 
     </span>
     <span class='ocr_line' id='line_1_33' title="bbox 185 2632 1876 2701; baseline -0.001 -24"><span class='ocrx_word' id='word_1_229' title='bbox 185 2633 320 2678; x_wconf 79' lang='lat' dir='ltr'>redus</span> <span class='ocrx_word' id='word_1_230' title='bbox 349 2634 365 2689; x_wconf 76' lang='grc' dir='ltr'>ΙΙ</span> <span class='ocrx_word' id='word_1_231' title='bbox 397 2638 481 2678; x_wconf 88' lang='grc'>699</span> <span class='ocrx_word' id='word_1_232' title='bbox 521 2632 715 2690; x_wconf 80' lang='lat' dir='ltr'>Ahpedi</span> <span class='ocrx_word' id='word_1_233' title='bbox 750 2635 1108 2701; x_wconf 61' lang='lat' dir='ltr'>Anylusunon.</span> <span class='ocrx_word' id='word_1_234' title='bbox 1139 2635 1155 2691; x_wconf 85' lang='grc' dir='ltr'>ΙΙ</span> <span class='ocrx_word' id='word_1_235' title='bbox 1188 2640 1272 2680; x_wconf 82' lang='lat'>700</span> <span class='ocrx_word' id='word_1_236' title='bbox 1320 2634 1538 2680; x_wconf 89' lang='lat' dir='ltr'>thoantia</span> <span class='ocrx_word' id='word_1_237' title='bbox 1575 2639 1607 2676; x_wconf 91' lang='lat' dir='ltr'>P</span> <span class='ocrx_word' id='word_1_238' title='bbox 1637 2636 1652 2690; x_wconf 86' lang='grc' dir='ltr'>ΙΙ</span> <span class='ocrx_word' id='word_1_239' title='bbox 1685 2638 1770 2677; x_wconf 81' lang='grc'>707</span> <span class='ocrx_word' id='word_1_240' title='bbox 1818 2633 1876 2676; x_wconf 90' lang='lat' dir='ltr'>ab</span> 
     </span>
    </p>
   </div>
   <div class='ocr_carea' id='block_1_4' title="bbox 140 2704 1879 2824">
    <p class='ocr_par' dir='ltr' id='par_1_4' title="bbox 140 2704 1879 2824">
     <span class='ocr_line' id='line_1_34' title="bbox 140 2704 1879 2766; baseline -0.001 -16"><span class='ocrx_word' id='word_1_241' title='bbox 140 2763 142 2766; x_wconf 16' lang='lat' dir='ltr'>v</span> <span class='ocrx_word' id='word_1_242' title='bbox 186 2719 380 2763; x_wconf 83' lang='lat' dir='ltr'>spumea</span> <span class='ocrx_word' id='word_1_243' title='bbox 417 2705 581 2750; x_wconf 87' lang='lat' dir='ltr'>tritom</span> <span class='ocrx_word' id='word_1_244' title='bbox 609 2711 643 2749; x_wconf 98' lang='lat' dir='ltr'>P</span> <span class='ocrx_word' id='word_1_245' title='bbox 672 2708 689 2764; x_wconf 88' lang='grc' dir='ltr'>ΙΙ</span> <span class='ocrx_word' id='word_1_246' title='bbox 720 2711 803 2752; x_wconf 80' lang='grc'>’108</span> <span class='ocrx_word' id='word_1_247' title='bbox 852 2707 1039 2751; x_wconf 82' lang='lat' dir='ltr'>canenti</span> <span class='ocrx_word' id='word_1_248' title='bbox 1078 2713 1111 2750; x_wconf 94' lang='lat' dir='ltr'>P</span> <span class='ocrx_word' id='word_1_249' title='bbox 1144 2725 1153 2751; x_wconf 92' lang='lat'>:</span> <span class='ocrx_word' id='word_1_250' title='bbox 1187 2708 1374 2765; x_wconf 85' lang='lat' dir='ltr'>patenti</span> <span class='ocrx_word' id='word_1_251' title='bbox 1412 2713 1445 2751; x_wconf 92' lang='lat' dir='ltr'>P</span> <span class='ocrx_word' id='word_1_252' title='bbox 1490 2721 1632 2765; x_wconf 78' lang='lat' dir='ltr'>mary.</span> <span class='ocrx_word' id='word_1_253' title='bbox 1690 2704 1879 2749; x_wconf 85' lang='lat' dir='ltr'>cadenti</span> 
     </span>
     <span class='ocr_line' id='line_1_35' title="bbox 186 2765 1877 2824; baseline -0.001 -14"><span class='ocrx_word' id='word_1_254' title='bbox 186 2767 318 2810; x_wconf 80' lang='lat' dir='ltr'>ceteri</span> <span class='ocrx_word' id='word_1_255' title='bbox 358 2765 557 2809; x_wconf 83' lang='lat' dir='ltr'>cadendi</span> <span class='ocrx_word' id='word_1_256' title='bbox 594 2766 821 2811; x_wconf 73' lang='lat' dir='ltr'>Bao-thius</span> <span class='ocrx_word' id='word_1_257' title='bbox 843 2768 860 2824; x_wconf 83' lang='grc' dir='ltr'>ΙΙ</span> <span class='ocrx_word' id='word_1_258' title='bbox 884 2772 970 2812; x_wconf 83' lang='grc'>’710</span> <span class='ocrx_word' id='word_1_259' title='bbox 1003 2766 1093 2820; x_wconf 81' lang='lat' dir='ltr'>Qui</span> <span class='ocrx_word' id='word_1_260' title='bbox 1130 2772 1163 2809; x_wconf 94' lang='lat' dir='ltr'>P</span> <span class='ocrx_word' id='word_1_261' title='bbox 1198 2769 1204 2823; x_wconf 89' lang='grc' dir='ltr'>Ι</span> <span class='ocrx_word' id='word_1_262' title='bbox 1238 2781 1433 2812; x_wconf 88' lang='lat' dir='ltr'>munera</span> <span class='ocrx_word' id='word_1_263' title='bbox 1463 2775 1483 2809; x_wconf 86' lang='lat' dir='ltr'>t</span> <span class='ocrx_word' id='word_1_264' title='bbox 1522 2768 1647 2810; x_wconf 76' lang='lat' dir='ltr'>Dan.</span> <span class='ocrx_word' id='word_1_265' title='bbox 1687 2777 1877 2809; x_wconf 89' lang='lat' dir='ltr'>munere</span> 
     </span>
    </p>
   </div>
   <div class='ocr_carea' id='block_1_5' title="bbox 182 2824 1879 2928">
    <p class='ocr_par' dir='ltr' id='par_1_5' title="bbox 182 2824 1879 2928">
     <span class='ocr_line' id='line_1_36' title="bbox 182 2824 1879 2927; baseline 0.001 -59"><span class='ocrx_word' id='word_1_266' title='bbox 182 2824 390 2927; x_wconf 39' lang='lat' dir='ltr'>{vibet</span> <span class='ocrx_word' id='word_1_267' title='bbox 431 2826 541 2870; x_wconf 72' lang='grc' dir='ltr'><strong><em>Βοὴ.</em></strong></span> <span class='ocrx_word' id='word_1_268' title='bbox 591 2826 671 2869; x_wconf 74' lang='lat' dir='ltr'>&#39;M</span> <span class='ocrx_word' id='word_1_269' title='bbox 713 2827 719 2881; x_wconf 88' lang='grc' dir='ltr'>Ι</span> <span class='ocrx_word' id='word_1_270' title='bbox 762 2826 874 2871; x_wconf 85' lang='lat' dir='ltr'>vota</span> <span class='ocrx_word' id='word_1_271' title='bbox 918 2826 1020 2869; x_wconf 79' lang='lat' dir='ltr'>BG²</span> <span class='ocrx_word' id='word_1_272' title='bbox 1066 2840 1122 2871; x_wconf 84' lang='lat' dir='ltr'>m.</span> <span class='ocrx_word' id='word_1_273' title='bbox 1163 2840 1245 2872; x_wconf 85' lang='lat' dir='ltr'>see.</span> <span class='ocrx_word' id='word_1_274' title='bbox 1293 2827 1393 2871; x_wconf 88' lang='lat' dir='ltr'>voti</span> <span class='ocrx_word' id='word_1_275' title='bbox 1440 2832 1500 2868; x_wconf 80' lang='lat' dir='ltr'>&#39;rt</span> <span class='ocrx_word' id='word_1_276' title='bbox 1538 2827 1554 2880; x_wconf 76' lang='grc' dir='ltr'>ΙΙ</span> <span class='ocrx_word' id='word_1_277' title='bbox 1594 2828 1676 2869; x_wconf 84' lang='grc'>711</span> <span class='ocrx_word' id='word_1_278' title='bbox 1726 2837 1879 2869; x_wconf 72' lang='lat' dir='ltr'>versus</span> 
     </span>
     <span class='ocr_line' id='line_1_37' title="bbox 216 2891 435 2928; baseline -0.005 0"><span class='ocrx_word' id='word_1_279' title='bbox 216 2897 282 2928; x_wconf 78' lang='lat' dir='ltr'>ees</span> <span class='ocrx_word' id='word_1_280' title='bbox 333 2899 383 2928; x_wconf 76' lang='lat' dir='ltr'>m</span> <span class='ocrx_word' id='word_1_281' title='bbox 416 2891 435 2927; x_wconf 84' lang='lat' dir='ltr'>t</span> 
     </span>
    </p>
   </div>
  </div>
 </body>
</html>
