1942 3190
685 156 1090 204 ACHILLEIDOS
1122 159 1172 204 L.
1205 159 1240 204 I.
1734 153 1805 205 27

108 281 292 335 Turba
330 280 462 348 coit,
500 279 799 349 blandeque
838 298 1006 333 novas
1044 280 1123 333 nil
1161 280 1270 333 tale
1309 279 1526 333 timenti

110 355 378 409 Admovet
414 354 662 408 insidias:
703 354 854 407 illam
893 355 1240 424 sequiturque
1280 355 1586 424 premitque

109 430 421 499 ImprobuS,
468 428 622 481 illam
671 429 840 482 oculis
881 429 1184 498 iterumque
1222 429 1526 498 iterumque
1564 427 1804 481 resumit.

105 503 265 557 Nunc
302 503 502 556 nimius
542 503 702 556 lateri
739 521 850 556 non
890 504 1146 556 evitantis
1186 502 1452 570 inhaeret,
1717 514 1804 556 570

106 577 264 632 Nunc
303 577 513 631 levibus
552 576 712 629 sertis
721 618 736 646 ,
775 577 942 645 lapsis
981 595 1125 629 nunc
1165 580 1356 645 sponte
1397 576 1652 630 canistris

107 651 267 705 Nunc
305 651 497 720 thyrso
537 654 790 720 parcente
829 651 979 719 ferit3
1021 651 1180 703 modo
1222 650 1399 703 dulcia
1437 654 1600 714 notae

107 725 228 779 Fila
264 726 416 794 lyrae
454 728 750 794 tenuesque
788 725 977 778 modos
1019 728 1074 777 et
1111 724 1353 778 carmina
1393 727 1664 778 monstrat

113 798 364 853 Chironis
405 798 654 867 ducitque
693 818 915 852 manum
955 799 1261 869 digitosque
1302 800 1521 852 sonanti

107 873 367 943 Infringit
406 873 669 942 citharae,
707 892 852 926 nunc
893 868 1122 942 occupat
1161 892 1258 926 ora
1297 874 1542 926 canentis
1718 883 1804 925 575

107 948 183 1001 Et
221 947 360 1017 ligat
399 947 680 1015 amplexus
721 950 775 1000 et
813 947 959 1000 mille
999 966 1095 1016 per
1134 948 1320 1000 oscula
1358 947 1557 1000 laudat.

108 1021 212 1075 Illa
250 1022 423 1074 libens
463 1021 643 1090 discit,
683 1040 789 1090 quo
829 1022 1029 1074 vertice
1068 1021 1281 1090 Pelion,
1322 1024 1378 1074 et
1417 1023 1535 1090 quis

107 1096 393 1166 AeacideS,
433 1096 692 1167 puerique
732 1095 975 1148 auditum
1014 1114 1213 1148 nomen
1253 1098 1307 1148 et
1347 1098 1499 1148 actus

107 1171 348 1224 Adsidue
388 1172 573 1239 stupet
612 1172 666 1222 et
705 1172 1045 1239 praesentem
1085 1172 1269 1222 cantat
1307 1168 1594 1223 Achillem.

104 1245 233 1315 Ipsa
272 1262 484 1314 quoque
525 1247 579 1296 et
615 1244 827 1298 validos
867 1244 1108 1313 proferre
1148 1243 1446 1298 modestius
1486 1247 1640 1297 artus
1718 1255 1804 1296 580

106 1319 182 1373 Et
220 1322 444 1372 tenuare
481 1318 639 1370 rudes
681 1318 873 1372 attrito
912 1318 1112 1387 pollice
1151 1318 1306 1370 lanas

106 1393 463 1446 Demonstrat
500 1393 778 1461 reficitque
818 1393 966 1446 colus
1007 1394 1061 1444 et
1098 1392 1309 1460 perdita
1349 1391 1484 1445 dura

108 1467 288 1519 Pensa
326 1485 511 1534 manu3
550 1466 804 1534 vocisque
844 1484 1037 1518 sonum
1077 1466 1392 1534 pondusque
1432 1465 1693 1534 tenentis,

112 1540 372 1610 Quodque
410 1539 553 1609 fugit
593 1539 843 1608 comites,
881 1539 1050 1592 nimio
1092 1539 1234 1608 quod
1274 1539 1477 1591 lumine
1518 1557 1634 1592 sese

106 1614 270 1684 Figat
309 1616 364 1666 et
401 1613 458 1667 in
497 1613 675 1666 verbis
715 1613 1132 1682 intempestivus
1173 1613 1416 1681 anhelet,
1719 1624 1805 1666 585

106 1688 360 1742 Miratur:
400 1688 510 1739 iam
548 1687 761 1756 iamque
802 1688 955 1741 dolos
997 1687 1204 1755 aperire
1244 1689 1530 1756 parantem

16 1771 19 1774 ⁴
108 1762 374 1832 Virginea
411 1762 636 1814 levitate
674 1761 820 1832 fugit
858 1761 1217 1831 prohibetque
1258 1761 1432 1813 fateri.

109 1835 199 1889 Sic
237 1836 337 1888 sub
376 1838 548 1887 matre
587 1834 743 1887 Rhea
780 1835 990 1888 iuvenis
1030 1837 1288 1904 regnator
1327 1834 1545 1904 Olympi

109 1909 308 1963 Oscula
348 1926 564 1961 securae
604 1908 770 1960 dabat
808 1909 1070 1961 insidiosa
1110 1908 1284 1961 sorori

109 1982 300 2036 Frater
340 1982 533 2051 adhuc,
572 1982 738 2034 medii
776 1982 945 2035 donec
983 1982 1289 2034 reverentia
1328 1981 1491 2033 cessit
1717 1993 1804 2033 590

110 2056 401 2126 Sanguinis
442 2060 496 2109 et
535 2074 690 2109 veros
730 2073 991 2126 germana
1030 2056 1248 2124 expavit
1288 2073 1515 2108 amores.

23 2146 32 2156 ·
110 2131 351 2184 Tandem
390 2129 589 2183 detecti
627 2130 850 2182 timidae
890 2129 1153 2183 Nereidos
1194 2133 1360 2183 astus.

259 2203 436 2257 Lucus
475 2203 750 2273 Agenorei
791 2204 1038 2256 sublimis
1081 2204 1147 2256 ad
1188 2204 1342 2273 orgia
1379 2202 1582 2255 Bacchi

113 2276 307 2331 Stabat
346 2280 401 2329 et
438 2277 734 2330 admissum
774 2278 920 2330 caelo
959 2296 1171 2330 nemus:
1212 2278 1373 2330 huius
1413 2277 1469 2330 in
1508 2276 1704 2329 umbra

110 2352 394 2404 Alternam
432 2369 691 2404 renovare
730 2352 852 2420 piae
891 2352 1172 2405 trieterida
1211 2354 1412 2403 matres
1721 2362 1806 2402 595

233 2486 318 2525 567
336 2481 455 2525 nihil
474 2482 531 2537 ΡΗ
551 2486 639 2526 570
662 2495 703 2526 υ.
728 2483 781 2526 in
804 2497 831 2536 p
849 2485 955 2538 post
969 2496 1009 2525 v.
1037 2485 1128 2526 575
1151 2483 1386 2525 invenitur
1405 2481 1411 2539 Ι
1433 2480 1647 2525 inhaeret
1663 2484 1809 2523 Aum

114 2540 341 2584 adhaeret
360 2541 457 2585 edd.
473 2540 489 2598 Η
505 2545 590 2585 572
616 2542 771 2585 motae
789 2540 1136 2598 Heinsiusssbu
1161 2540 1370 2585 sonantis
1395 2544 1428 2582 P
1445 2540 1459 2595 li
1478 2545 1563 2584 576
1589 2540 1809 2596 amplexu

113 2599 200 2644 Fr.
228 2600 422 2643 Medius
452 2600 669 2656 amplexu
692 2614 778 2644 nec
799 2601 932 2644 nulla
964 2600 1209 2655 Withosius
1231 2601 1247 2656 ΙΙ
1271 2604 1356 2644 578
1387 2613 1426 2643 v.
1452 2600 1505 2643 in
1535 2605 1556 2641 t
1579 2600 1639 2643 al.
1664 2612 1808 2642 manu

110 2659 233 2703 inter
263 2672 303 2703 v.
338 2661 428 2703 577
467 2662 507 2701 et
539 2661 631 2703 580
669 2660 867 2704 insertus
910 2661 926 2716 ΙΙ
973 2663 1058 2703 579
1105 2673 1145 2703 v.
1178 2660 1231 2703 in
1261 2665 1281 2701 t
1326 2672 1470 2715 mary.
1515 2658 1776 2712 adscriptus
1794 2656 1810 2715 ΙΙ

113 2722 199 2762 582
233 2717 360 2762 colos
392 2717 518 2761 codd.
552 2718 679 2761 colus
710 2719 876 2775 scripsi
906 2732 1008 2762 cum
1037 2723 1072 2760 Ι)
1106 2719 1202 2763 coll.
1236 2732 1275 2761 v.
1304 2721 1394 2762 635
1424 2718 1557 2763 Theb.
1584 2716 1691 2759 III
1711 2718 1808 2760 242

117 2776 168 2819 X
199 2779 290 2820 649
333 2779 338 2832 Ι
381 2775 558 2833 perfida
595 2776 734 2821 durat
764 2782 796 2820 P
835 2778 850 2834 ΙΙ
896 2781 982 2821 583
1024 2777 1449 2833 Interpunctionem
1488 2776 1665 2819 correxi
1707 2788 1809 2818 cum

117 2835 307 2879 Menkio
338 2839 379 2879 et
409 2835 651 2879 Duebnero
690 2837 705 2892 ΙΙ
752 2840 836 2880 585
885 2835 1012 2892 Figit
1042 2840 1087 2878 Π
1114 2837 1120 2889 1
1156 2836 1348 2880 anhelat
1378 2841 1440 2877 tn
1490 2835 1505 2890 ΙΙ
1551 2838 1636 2878 594
1667 2834 1808 2890 hujus

115 2894 164 2938 in
194 2907 300 2938 ume
332 2898 364 2935 P
396 2896 411 2950 ΙΙ
451 2899 535 2937 595
570 2893 812 2939 Alternam
843 2899 876 2938 P
909 2895 1168 2939 Gronovius
1207 2895 1450 2938 Alternum
1484 2894 1618 2937 ceteri
1645 2896 1650 2949 Ι
1678 2906 1809 2937 reno·
