2072 3216
725 197 1069 243 THEBAIDOS
1101 196 1211 243 LIB.
1237 197 1321 243 VI.
1441 203 1446 207 ”
1760 195 1864 248 171

175 319 304 392 Η16,
343 323 608 391 quantum
647 320 834 389 Tityos
875 317 1080 389 Stygiis
1121 320 1416 386 consurgat
1454 318 1522 371 ab
1564 317 1731 387 arvis,

4 446 7 450 ,
177 393 236 450 Si
273 397 462 449 torvae
502 395 782 464 patiantur
821 411 947 447 aves
956 435 970 462 ‚
1009 395 1164 447 tanta
1202 392 1436 460 undique
1457 460 1459 462 ι
1475 391 1665 461 pandit

0 512 14 525 .
53 483 145 527 755
175 468 547 523 Membrorum
586 469 764 539 spatia
803 472 858 521 et
894 467 1066 520 tantis
1105 466 1250 520 ferus
1290 466 1503 519 ossibus
1543 468 1704 518 extat.
1779 477 1865 519 730

174 543 279 597 Hic
316 543 481 612 paulo
522 546 644 597 ante
684 560 841 611 puer,
882 541 976 594 sed
1015 541 1160 593 enim
1199 540 1464 593 maturius
1506 557 1637 593 aevo

175 617 387 686 Robur,
427 620 481 669 et
519 617 768 686 ingentes
810 614 1040 685 spondet
1078 617 1231 667 tener
1270 613 1507 682 impetus
1547 630 1740 682 annos,

177 691 350 754 Quem
381 691 525 745 vinci
555 691 690 743 haut
723 690 1007 759 quisquam
1042 706 1203 741 saevo
1235 705 1409 757 neque
1435 687 1699 757 sanguine
1723 685 1869 757 tingi

176 764 360 834 Malit,
400 768 454 818 et
493 768 670 818 erecto
710 763 904 816 timeat
944 762 1255 832 spectacula
1292 764 1439 815 voto.

0 852 10 875 ³
53 854 146 896 760
250 837 330 892 Ut
370 856 485 892 sese
524 838 797 908 permensi
838 836 1007 890 oculis
1049 839 1103 889 et
1142 838 1370 904 uterque
1408 835 1647 904 priorem
1707 864 1709 866 ·
1781 847 1866 887 735

176 911 470 983 Speravere
510 913 711 980 locum,
750 930 860 965 non
899 910 1149 981 protinus
1191 909 1274 962 ira
1312 927 1410 962 nec
1448 908 1613 962 ictus:

174 986 438 1039 Alternus
478 987 702 1055 paulum
741 986 907 1038 timor
946 987 1000 1037 et
1038 984 1308 1053 permixta
1334 983 1519 1036 ‘furori

177 1058 441 1129 Consilia,
479 1060 746 1114 inclinant
786 1062 1002 1112 tantum
1041 1058 1316 1111 contraria
1354 1057 1501 1110 iactu

175 1133 440 1188 Bracchia
480 1138 533 1187 et
572 1135 857 1203 explorant
897 1135 1110 1186 caestus
1150 1132 1516 1200 hebetantque
1557 1129 1797 1183 terendo.

0 1240 6 1262 ;
57 1223 150 1266 765
180 1208 408 1262 Doctior
446 1208 535 1261 hic
576 1208 755 1260 differt
796 1207 1037 1260 animum
1076 1210 1430 1275 metuensque
1467 1204 1638 1257 futuri
1783 1215 1870 1256 740

178 1279 476 1335 Cunctator
514 1283 656 1335 vires
697 1281 996 1350 dispensat:
1038 1283 1096 1332 at
1133 1280 1228 1332 ille
1267 1278 1494 1332 nocendi

176 1355 444 1426 Prodigus
483 1356 837 1424 incautusque
878 1354 962 1407 sui
1000 1354 1111 1406 ruit
1151 1353 1327 1406 omnis
1369 1355 1423 1405 et
1463 1352 1652 1405 ambas

178 1426 465 1483 Consumit
505 1430 620 1482 sine
660 1429 783 1499 lege
823 1445 1015 1481 manus
1057 1429 1219 1496 atque
1259 1426 1423 1478 inrita
1460 1425 1664 1478 frendit

177 1501 471 1574 Insurgens
513 1521 674 1572 seque
713 1503 829 1572 ipse
870 1501 1083 1570 premit.
1162 1498 1270 1553 Sed·
1305 1499 1562 1568 providus
1605 1502 1730 1552 astu

57 1591 149 1635 770
180 1576 253 1630 Et
290 1577 471 1646 patria
510 1577 647 1647 vigil
688 1579 802 1628 arte
841 1574 1022 1628 Lacon
1059 1574 1161 1627 hos
1201 1573 1356 1626 reicit
1394 1573 1556 1642 ictuS‚
1783 1585 1869 1626 745

177 1649 295 1704 Hos
336 1654 511 1718 cavet3
550 1649 823 1702 interdum
862 1652 996 1701 nutu
1036 1647 1334 1717 capitisque
1374 1647 1527 1700 citati

177 1724 396 1795 Integer
436 1724 721 1793 obsequiO,
762 1723 1012 1776 manibus
1051 1740 1194 1775 nunc
1233 1721 1395 1774 obvia
1433 1721 1542 1773 tela

178 1797 511 1866 DiscutienS,
550 1798 724 1850 instat
765 1815 952 1867 gressu
993 1796 1254 1864 vultuque
1292 1794 1518 1848 recedit:

181 1870 351 1940 Saepe
391 1872 555 1923 etiam
594 1870 812 1923 iniustis
853 1870 1128 1922 conlatum
1167 1868 1376 1921 viribus
1415 1867 1631 1920 hostem

59 1960 151 2003 775
183 1943 261 2013 (Is
300 1944 459 2015 vigor
498 1944 739 2014 ingeniO,
778 1946 935 1996 tanta
975 1941 1308 2012 experientia
1347 1941 1564 1993 dextrae
1606 1939 1711 2011 est)
1785 1954 1871 1995 750

181 2018 340 2072 Ultro
382 2017 555 2070 audax
596 2017 790 2070 animis
829 2018 1103 2086 instatque
1143 2018 1197 2068 et
1236 2014 1528 2067 obumbrat
1567 2017 1622 2066 et
1662 2016 1769 2067 alte

180 2091 401 2145 Adsilit.
477 2090 556 2144 Ut
593 2109 850 2161 praeceps
891 2090 1136 2144 cumulos
1178 2089 1295 2159 agit
1334 2087 1479 2141 unda
1518 2088 1788 2141 minantes

180 2165 246 2218 In
285 2166 536 2235 scopulos
577 2169 631 2218 et
669 2165 844 2218 fracta
882 2164 1045 2232 redit,
1086 2163 1161 2216 sic
1199 2162 1294 2215 ille
1331 2161 1603 2215 furentem

182 2237 391 2292 Circuit
430 2257 770 2310 expugnans3
810 2239 956 2292 levat
996 2255 1116 2291 ecce
1157 2237 1352 2305 diuque
1393 2236 1632 2289 minatur

61 2328 155 2371 780
184 2312 248 2365 In
281 2312 424 2365 latus
458 2314 619 2381 inque
654 2314 859 2381 oculos3
890 2312 1048 2364 illum
1078 2311 1256 2382 rigida
1289 2328 1440 2363 arma
1471 2312 1751 2363 caventem
1786 2322 1870 2363 755

305 2505 389 2545 728
422 2502 648 2556 quantum
679 2505 823 2544 PBsr
853 2501 964 2544 Beh.
998 2501 1200 2555 quantus
1226 2498 1281 2542 α’
1315 2502 1447 2566 (corr.
1479 2513 1535 2544 ex
1564 2499 1790 2554 quantum
1821 2502 1874 2542 ut

183 2560 379 2614 videtur)
413 2563 458 2601 Π
485 2562 491 2614 Ι
518 2558 663 2615 tityos
695 2559 862 2617 stygiis
886 2564 919 2602 P
951 2560 1006 2614 cf.
1036 2560 1070 2602 Ι
1091 2563 1181 2603 '710
1214 2557 1382 2615 stygiis
1414 2557 1561 2615 tityos
1593 2558 1725 2602 ceteri
1747 2559 1763 2611 ΙΙ
1789 2556 1872 2600 733

185 2620 268 2662 aut
298 2618 394 2661 ΡΒι
430 2621 435 2674 1
471 2632 556 2662 nec
586 2622 631 2660 Μ
661 2620 760 2663 edd.
795 2621 802 2674 Ι
837 2617 993 2675 tingui
1024 2622 1093 2660 ΡΒ
1124 2617 1236 2662 Beh.
1269 2620 1302 2663 2
1334 2632 1356 2660 ο
1395 2616 1574 2674 tinguit
1604 2632 1627 2658 r
1657 2619 1671 2673 ΙΙ
1705 2619 1790 2659 734
1823 2616 1874 2657 at

185 2679 340 2722 erecto
373 2678 638 2722 Koestlinus
674 2678 690 2733 ΙΙ
729 2681 813 2722 729
853 2676 1164 2732 habitantque
1195 2680 1228 2718 P
1265 2678 1281 2734 ΙΙ
1322 2681 1407 2721 740
1444 2674 1592 2720 furori
1623 2688 1678 2718 ex
1707 2688 1747 2717 v.
1783 2676 1874 2718 737

184 2738 362 2793 211741
414 2735 669 2780 Cunctatur
717 2740 750 2778 P
797 2736 1054 2782 Cunctatus
1102 2736 1234 2779 ceteri
1280 2735 1535 2781 Cunctator
1573 2746 1685 2778 corr.
1724 2731 1875 2776 Baeh-

185 2796 366 2840 remius
387 2797 403 2852 ΙΙ
428 2800 511 2839 745
544 2793 680 2838 reicit
710 2796 838 2837 PGH
869 2794 982 2839 eicit
1006 2794 1164 2837 G²bor
1194 2792 1326 2838 eiicit
1348 2793 1488 2838 Behh.
1522 2791 1660 2836 eiecit
1689 2794 1722 2833 B
1746 2792 1762 2847 ΙΙ
1787 2795 1870 2835 751

186 2851 422 2910 intratqtie
454 2855 581 2899 codd.
614 2852 851 2908 instatque
881 2854 1046 2910 scripsi
1076 2866 1176 2898 cum
1207 2853 1346 2898 Aldd.
1371 2855 1386 2910 ΙΙ
1412 2857 1496 2896 752
1532 2848 1740 2894 cumulos
1772 2847 1875 2906 agit

187 2915 221 2953 P
262 2912 445 2957 cumulo
479 2911 592 2957 salit
623 2914 756 2957 ceteri
786 2914 802 2969 ΙΙ
834 2917 917 2957 755
951 2911 1075 2956 latus
1106 2910 1241 2956 illum
1273 2911 1430 2955 oculos
1462 2915 1494 2952 P
1526 2911 1622 2963 atq
1656 2908 1814 2953 oculos
1845 2911 1873 2950 b
