2028 3190
226 143 336 197 332
804 143 852 189 P.
885 127 1131 189 PAPINII'
1146 144 1338 189 STATII

227 262 396 336 (Cedo
437 261 709 335 equidem)
749 265 951 319 virtute
989 266 1157 334 colas,
1196 265 1331 317 mihi
1369 265 1548 319 flebile
1589 283 1798 336 semper

226 337 443 392 Nomen
484 339 618 406 eris3
658 343 864 407 ponant
902 358 1023 392 aras
1064 339 1376 408 excelsaque
1417 338 1636 393 Thebae

228 412 455 480 Templa
495 412 698 465 dicent:
737 414 830 466 uni
869 413 953 466 fas
996 413 1067 466 sit
1105 413 1288 483 lugere
1328 414 1558 482 parenti.

226 485 302 539 Et
339 503 482 539 nunc
521 486 629 538 heu
669 505 805 556 quae
845 487 1010 557 digna
1047 487 1150 540 tibi
1191 487 1478 540 sollemnia
1517 505 1715 556 quasve
1857 498 1916 542 80

227 559 452 629 Largiar
492 561 813 629 exsequias?
851 579 949 614 nec
990 561 1035 613 si
1074 561 1241 614 fatale
1280 564 1524 632 potestas

227 633 407 703 Argos
449 635 503 686 et
540 634 803 703 impulsas
843 635 1012 688 cineri
1050 635 1277 688 miscere
1315 634 1568 704 Mycenas
1577 676 1593 704 ‚
1725 695 1731 699 ¹

227 706 422 777 Meque
464 726 645 777 super,
687 708 769 761 cui
807 709 922 761 vita
963 706 1186 780 (nefasl)
1225 712 1281 779 et
1321 710 1583 778 sanguine
1620 709 1738 763 nati

229 781 429 834 Partus
467 781 657 835 honos,
733 781 1009 835 Eademne
1051 782 1187 851 dies,
1228 782 1415 836 eadem
1455 782 1621 852 impia
1659 783 1802 836 bella

229 854 328 924 Te,
366 873 523 925 puer,
565 858 619 908 et
658 855 802 909 diros
842 856 1040 909 misere
1079 857 1137 909 in
1175 857 1404 910 Tartara
1442 856 1676 910 fratres?
1863 869 1921 911 85

229 927 304 981 Et
342 947 484 982 nunc
525 928 789 998 Oedipodi
828 949 926 999 par
966 934 1048 983 est
1086 930 1309 983 fortuna
1349 930 1549 984 doloris

231 1003 311 1055 Ac
328 1002 501 1061 mihi?
527 1021 687 1071 quam
708 1004 912 1057 similes
931 1004 1212 1074 gemimus,
1236 1005 1376 1057 bone
1392 1004 1652 1074 Iuppiter,
1675 1004 1922 1058 umbras!

230 1076 457 1147 Accipe,
494 1080 646 1146 nate,
684 1078 767 1130 tui
805 1096 947 1131 nova
985 1078 1284 1130 libamenta
1321 1078 1605 1147 triumphi,

230 1149 433 1219 Accipe
473 1153 527 1203 et
565 1150 670 1203 hoc
708 1152 951 1219 regimen
990 1151 1208 1204 dextrae
1247 1151 1549 1220 frontisque
1591 1151 1853 1220 superbae

231 1222 489 1293 Vincula,
529 1242 666 1293 quae
704 1225 867 1294 patri·
889 1225 1173 1278 minimum
1212 1225 1467 1278 laetanda
1506 1225 1715 1278 dedisti.
1864 1238 1923 1279 90

233 1297 440 1367 Regem
471 1300 550 1365 te,
589 1315 772 1367 regem
810 1299 996 1352 tristes
1036 1298 1327 1352 Eteocleos
1367 1298 1592 1352 umbrae
1762 1344 1764 1346 .

231 1370 552 1439 Aspiciant.'
618 1369 789 1424 Simul
828 1373 962 1426 haec
1002 1373 1182 1426 dicens
1224 1373 1530 1442 crinemque
1569 1390 1893 1442 manumque

231 1444 500 1514 Destruit,
539 1463 871 1516 accensaque
909 1447 1074 1499 iterat
1111 1447 1398 1500 violentius
1440 1447 1542 1499 ira:

235 1517 498 1572 ‘Saevum
532 1519 763 1589 agedum
793 1521 1143 1589 inmitemque
1175 1523 1390 1590 vocent,
1423 1521 1469 1573 si
1498 1519 1689 1573 funera
1720 1519 1927 1574 Lernae

237 1591 438 1645 Tecum
480 1593 665 1646 ardere
705 1597 850 1664 vet03
892 1595 1085 1663 longos
1125 1595 1334 1647 utinam
1374 1593 1566 1648 addere
1607 1612 1796 1647 sensus
1866 1606 1924 1649 95

236 1664 570 1735 Corporibus
612 1668 867 1737 caeloque
908 1669 1117 1720 animas
1155 1667 1441 1736 Ereboque
1481 1670 1737 1721 nocentes

235 1739 444 1793 Pellere
483 1739 590 1808 fas,
629 1741 915 1811 ipsumque
954 1741 1121 1810 feraS,
1160 1741 1340 1810 ipsum
1380 1759 1517 1794 unca
1555 1742 1838 1795 volucrum

236 1813 346 1866 Ora
386 1814 538 1882 sequi
578 1817 739 1884 atque
780 1820 929 1869 artus
969 1833 1158 1885 regum
1198 1818 1502 1869 monstrare
1540 1814 1826 1868 nefandos!

233 1887 303 1940 Ei
351 1887 506 1956 mihi,
557 1889 698 1957 quod
746 1891 955 1958 positos
994 1890 1192 1942 humus
1234 1890 1376 1942 alma
1416 1889 1634 1958 diesque
1672 1887 1923 1943 resolvet.

235 1961 412 2024 Quare
452 1962 650 2015 iterum
691 1967 940 2032 repetens
980 1963 1284 2032 iterumque
1326 1963 1499 2016 edico:
1540 1981 1791 2032 suprema
1840 1976 1924 2016 100

234 2034 317 2088 Ne
358 2036 479 2105 quis
521 2054 622 2104 ope
662 2039 716 2089 et
754 2037 985 2091 flammis
1026 2038 1170 2090 ausit
1208 2038 1407 2090 iuvisse
1446 2035 1727 2106 Pelasgos3

236 2108 349 2162 Aut
387 2127 516 2163 nece
555 2110 700 2164 facta
742 2111 854 2164 luet
891 2128 1222 2179 numeroque
1261 2109 1500 2178 explebit
1539 2110 1790 2178 adempta

238 2180 504 2251 Corpora3
543 2201 639 2251 per
679 2202 902 2253 superos
942 2201 1308 2253 magnumque
1348 2183 1637 2236 Menoecea
1675 2180 1831 2236 iuro?

236 2254 414 2324 Dixit,
454 2260 508 2307 et
547 2257 832 2326 abreptum
871 2258 1093 2309 comites
1133 2257 1191 2308 in
1229 2258 1377 2309 tecta
1414 2256 1676 2309 ferebant.

312 2327 539 2382 Flebilis
579 2330 788 2382 interea
826 2331 1010 2383 vacuis
1052 2330 1342 2383 comitatus
1383 2330 1451 2383 ab
1492 2329 1656 2400 Argis
1839 2343 1923 2383 105

240 2400 430 2473 (Fama
455 2402 640 2455 *trahit
678 2403 931 2474 miseras)
972 2404 1134 2457 orbae
1173 2403 1472 2472 viduaeque
1511 2404 1743 2457 ruebant

359 2567 412 2607 77
463 2561 612 2606 Credo
653 2563 778 2606 codd.
819 2563 915 2607 edd.
966 2562 1090 2607 Cedo
1130 2576 1242 2609 corr.
1287 2563 1506 2608 Menkius
1544 2563 1640 2607 coll.
1695 2562 1797 2606 VII
1833 2565 1926 2607 178

237 2621 419 2666 Ach.1
448 2625 540 2666 396
563 2623 578 2678 ΙΙ
603 2625 657 2665 78
691 2621 873 2664 Numen
906 2624 1048 2676 codd,
1081 2635 1194 2668 corr.
1232 2621 1489 2667 Gronovius
1512 2624 1526 2677 ss
1550 2626 1607 2666 80
1639 2634 1755 2676 quas
1779 2618 1926 2686 digna

236 2685 269 2723 P
293 2682 308 2737 11
332 2685 387 2725 81
412 2679 560 2724 ferale
584 2679 864 2724 Schradeaeus
887 2683 902 2734 ΙΙ
926 2685 981 2724 82
1015 2683 1064 2724 et
1095 2680 1222 2737 ipsas
1255 2681 1399 2725 cineri
1422 2686 1454 2723 P
1477 2682 1492 2737 ΙΙ
1516 2686 1571 2725 83
1597 2679 1673 2723 cui
1697 2677 1925 2747 sanguine

241 2754 279 2783 π
308 2740 623 2784 Marklandus
645 2741 660 2795 ss
684 2742 739 2782 87
771 2738 960 2804 Assslsihi
991 2744 1023 2781 P
1046 2741 1061 2796 ΙΙ
1086 2745 1142 2784 90
1173 2738 1417 2783 minimum
1448 2738 1642 2783 letanda.
1664 2743 1697 2781 P
1726 2737 1925 2782 nimium

239 2797 472 2854 gestanda
503 2799 637 2843 ceteri
666 2799 681 2855 ΙΙ
712 2802 768 2842 94
802 2812 841 2840 s1
873 2802 905 2839 P
935 2812 1057 2841 nunc
1089 2799 1222 2843 ceteri
1243 2800 1258 2854 ΙΙ
1282 2803 1338 2847 98
1370 2798 1542 2843 sermm
1572 2794 1831 2841 monstrare
1862 2796 1927 2854 ΡΗ

240 2861 294 2901 99
328 2856 532 2901 resolvet
562 2861 594 2899 P
625 2855 818 2902 resolvit
848 2859 981 2902 ceteri
1004 2859 1019 2913 ΙΙ
1046 2863 1125 2901 101
1162 2859 1209 2901 et
1238 2862 1271 2899 P
1303 2859 1386 2901 aut
1416 2858 1547 2902 ceteri
