2008 3198
207 185 320 231 V111
719 184 1004 232 EDITORIS
1035 184 1395 231 PRAEFATIO.

210 327 350 362 anno
383 305 781 361 MDOCGLXX
813 307 881 360 ab
916 306 1118 361 Ottone
1146 307 1433 380 Muellqm,
1463 308 1579 362 viro
1611 308 1676 362 de
1709 308 1902 363 studiis

208 381 470 436 Statianis
518 381 876 451 provehendis
923 381 1061 435 bene
1108 382 1327 451 meritc,
1373 382 1431 434 in
1479 383 1655 436 lucem
1700 382 1902 452 prolati

208 457 318 510 sint
365 459 631 525 apparatu
679 455 867 508 critico
916 455 1170 509 instructi
1216 455 1504 510 uberrimo.
1573 455 1651 510 Ut
1695 457 1753 510 in
1795 458 1900 512 illis

203 530 545 585 recensendis
601 533 655 582 et
711 530 1056 583 emendandis
1111 548 1232 583 mea
1286 530 1543 584 instituta
1602 533 1785 585 tenere
1847 536 1901 586 et

203 623 431 674 pergere
470 605 576 657 iter
628 606 877 673 coeptum
925 604 1129 673 studui,
1178 604 1255 657 sic
1292 605 1350 656 in
1391 604 1477 658 his
1525 603 1742 659 edendis
1791 624 1901 660 non

204 678 563 732 dubitandum
619 696 735 731 esse
790 679 999 747 putavi,
1051 680 1264 748 partem
1316 679 1551 748 aliquam
1608 682 1900 750 apparatus

205 754 380 807 critici
419 755 476 806 in
515 771 692 806 meam
740 752 1032 806 editionem
1079 755 1439 822 transumere,
1485 754 1563 806 ita
1609 757 1790 808 tamen
1837 758 1902 809 ut

203 846 415 898 semper
470 845 557 880 me
613 826 720 879 mei
765 826 959 880 iudicii·
997 826 1166 880 fuisse
1215 845 1440 896 sperem.
1515 827 1580 879 In
1628 847 1692 882 ea
1728 829 1898 898 potis-

201 903 399 955 simum
437 919 494 954 re
535 919 655 953 cum
703 900 963 954 Muellero
1011 901 1172 970 plane
1219 901 1525 971 consentio,
1577 902 1720 971 quod
1765 903 1899 956 item

202 975 265 1029 de
283 974 584 1031 Achilleide
610 975 1008 1028 demonstrasse
1032 974 1166 1028 mihi
1189 975 1388 1045 videor,
1417 979 1685 1045 quotquot
1725 977 1899 1032 adhuc

201 1050 538 1104 innotuerint
580 1049 789 1102 codices
830 1048 1162 1118 Thebaidos,
1210 1068 1395 1102 omnes
1442 1049 1660 1104 fluxisse
1703 1069 1768 1104 ex
1806 1052 1899 1106 du-

201 1125 333 1192 plici
365 1124 587 1194 origine.
645 1123 797 1186 Quod
828 1123 936 1176 iam
972 1127 1096 1176 ante
1121 1122 1445 1177 Muellerum
1477 1123 1740 1195 videram3
1770 1145 1898 1180 nam

201 1198 427 1252 Parisiis
467 1200 711 1251 moratus
754 1200 807 1249 et
845 1197 1178 1250 Puteaneum
1211 1195 1321 1268 (P),
1359 1198 1661 1268 principem
1701 1201 1897 1269 optimi

200 1274 414 1343 generis
455 1271 716 1340 codicem,
765 1271 971 1324 contuli
1019 1274 1073 1324 et
1120 1272 1252 1325 duos
1297 1271 1504 1326 codices
1549 1273 1774 1328 alterius
1814 1292 1896 1328 re-

202 1346 469 1400 censionis
518 1345 763 1414 exempla
810 1345 1017 1413 optima
1063 1345 1385 1414 praebentes
1439 1346 1645 1417 inveni,
1700 1348 1895 1417 quibus

197 1439 357 1474 nemo
403 1438 660 1489 umquam
707 1418 774 1471 ad
813 1419 868 1471 id
907 1423 1121 1488 tempus
1161 1438 1289 1473 usus
1329 1423 1460 1474 erat.
1538 1419 1779 1483 Quorum
1818 1422 1895 1475 al—

197 1497 397 1564 terum,
443 1493 752 1546 Parisinum
803 1493 981 1546 10317
1032 1491 1166 1564 (P0),
1218 1512 1322 1563 quo
1375 1494 1659 1548 certiorem
1706 1495 1896 1550 ducem

202 1569 268 1621 ad
314 1567 619 1622 Achilleida
665 1567 1047 1621 recensendam
1096 1568 1350 1638 cognoui‚
1397 1586 1459 1622 eo
1507 1569 1683 1638 magis
1711 1614 1714 1618 .
1739 1569 1894 1624 doleo

199 1646 413 1711 tempus
463 1642 598 1694 mihi
644 1660 754 1694 non
801 1641 1100 1708 suffecisse,
1148 1645 1209 1694 ut
1256 1642 1322 1694 ad
1363 1641 1640 1694 Thebaida
1679 1661 1893 1714 quoque

198 1716 512 1782 conferrem,
551 1715 658 1767 nisi
698 1715 839 1784 quod
879 1715 1162 1783 permultis
1194 1715 1326 1769 locis
1359 1715 1625 1784 inspicere
1663 1718 1833 1785 potui.
1847 1716 1890 1788 ²)

194 1789 353 1843 Alter
399 1789 565 1842 codex
613 1792 696 1841 est
743 1788 910 1842 Paris·
955 1789 1156 1858 13046,
1205 1808 1235 1841 a
1282 1807 1366 1841 me
1414 1790 1599 1842 littera
1646 1798 1682 1844 S
1728 1792 1894 1862 insig-

195 1864 360 1931 nitus,
400 1863 464 1916 de
505 1880 609 1931 quo
650 1862 792 1915 infra
830 1862 1111 1916 dicendum
1153 1864 1269 1916 erit.

343 1938 493 1990 Duas
531 1936 841 1990 Thebaidos
882 1937 1221 1990 recensiones
1259 1937 1368 1990 iam
1410 1940 1534 1990 ante
1567 1938 1889 1993 scholiastae

196 2015 445 2081 tempora
493 2010 737 2063 extitisse
784 2013 1020 2064 constat:
1078 2029 1140 2063 ex
1184 2012 1317 2080 ipsis
1366 2011 1588 2064 scholiis
1629 2014 1888 2066 sescentis

195 2086 329 2139 locis
371 2089 613 2154 apparet.
690 2084 933 2137 Alterius
975 2085 1195 2154 eiusque
1243 2085 1480 2153 optimae
1529 2085 1764 2156 effigiem
1801 2104 1891 2139 ex-

194 2178 438 2229 pressam
472 2159 694 2228 praebet
725 2158 893 2211 codex
925 2156 1292 2211 -Puteaneus
1328 2156 1418 2229 (P)
1452 2158 1695 2212 omnium
1735 2162 1888 2228 quot-

195 2237 326 2302 quot
354 2232 525 2286 adhuc
554 2232 761 2284 excussi
795 2234 920 2284 sunt
952 2232 1455 2301 excellentissimus3
1489 2233 1630 2300 quod
1661 2234 1719 2285 in
1752 2233 1888 2287 The-

195 2307 354 2359 baide
404 2306 580 2375 magis
633 2306 795 2358 etiam
843 2306 988 2357 cerni
1038 2308 1221 2373 potest
1267 2324 1426 2374 quam
1474 2306 1533 2357 in
1570 2304 1888 2360 Achilleide.

193 2379 335 2434 Nam
386 2380 526 2432 sicut
573 2380 629 2431 in
676 2379 772 2431 illa
819 2376 892 2430 (³²
938 2382 993 2431 et
1036 2385 1103 2432 Pc
1151 2382 1265 2432 arte
1313 2398 1432 2432 cum
1478 2387 1522 2431 P
1570 2380 1886 2435 coniunctos

196 2455 402 2523 optimo
442 2454 626 2523 generi
667 2452 910 2520 codicum
943 2452 1315 2506 attribuendos
1356 2471 1473 2506 esse
1507 2453 1887 2524 demonstravi,

194 2529 273 2581 ita
320 2528 377 2580 in
423 2527 525 2580 hac
572 2527 751 2579 nullus
799 2530 881 2579 est
927 2526 1094 2579 codex
1141 2527 1233 2596 qui
1277 2526 1541 2580 Puteanei
1587 2529 1885 2583 consimilis

316 2674 357 2729 1)
396 2672 541 2716 Recte
581 2686 654 2716 me
695 2672 818 2716 hunc
858 2672 1067 2717 codicem
1106 2672 1287 2717 saeculo
1327 2673 1392 2716 X0
1424 2672 1694 2718 attribuisse
1726 2672 1883 2718 certis·

199 2731 343 2775 simus
390 2732 553 2776 auctor
606 2730 723 2774 mihi
761 2730 917 2775 extitit
956 2730 1218 2788 Leopoldus
1259 2731 1456 2787 Delisle‚
1497 2732 1577 2788 qui
1614 2731 1664 2775 id
1700 2744 1883 2788 quoque

197 2790 523 2835 liberalissime
562 2803 644 2846 per
682 2790 865 2834 litteras
905 2804 1086 2834 mecum
1126 2789 1507 2846 communicavit,
1546 2804 1594 2836 se
1633 2789 1683 2834 in
1714 2790 1886 2836 collec-

200 2849 327 2894 tione
350 2850 435 2893 illa
459 2848 589 2893 Libri
613 2848 853 2893 Londiniis
878 2849 1127 2893 adservata
1150 2848 1357 2894 codicem
1373 2849 1635 2895 Thebaidos
1651 2848 1882 2894 invenisse

193 2908 368 2952 saeculi
398 2906 455 2951 Xi
484 2907 565 2952 vel
596 2907 676 2952 XIi
706 2908 911 2953 nondum
944 2921 1197 2955 excussum.
