2008 3198
220 179 263 223 X
726 180 1007 228 EDITORIS
1038 181 1402 229 PRAEFATIO.

224 301 607 369 quaterniones
649 306 705 355 et
745 303 961 372 singula
999 302 1146 371 folia,
1190 307 1254 356 ut
1291 305 1596 359 interierint
1635 305 1739 360 hae
1775 305 1914 361 The-

219 375 410 429 baidos
457 379 665 445 partes:
713 376 739 428 I
790 377 1061 441 1-388,
1107 377 1187 430 IV
1228 379 1580 445 833—843,
1629 379 1766 433 VIII
1807 381 1912 435 127

219 479 290 487 —-
330 449 408 502 IX
456 451 588 520 230,
642 449 720 503 IX
773 450 1114 504 454—903.
1201 450 1418 506 Scholia
1473 471 1608 522 quae
1662 454 1720 507 in
1774 473 1914 509 mar-

221 523 345 592 gine
395 521 480 595 (ut
528 524 587 577 in
627 533 671 577 B
712 527 766 577 et
811 525 903 594 ΡΟ)
958 524 1308 580 inveniuntur
1353 527 1624 595 permulta
1667 528 1914 597 pulcher-

218 597 354 650 rime
406 598 629 668 script-a‚
678 599 744 651 ad
790 599 1122 652 emendanda
1159 598 1432 654 Lactantii
1470 601 1637 655 verba
1679 602 1913 656 multum

219 671 470 725 adlatura
533 691 650 725 esse
714 691 884 742 spero.
976 672 1041 725 In
1102 673 1192 726 fol.
1251 674 1383 728 145²
1436 675 1693 744 leguntur
1751 675 1914 733 haec:

216 744 558 799 EXPLICIT
626 745 760 799 LIB.
823 746 943 799 XII.
1014 746 1430 803 THEBAIDOS
1503 748 1776 803 INCIPIT
1854 749 1912 803 P.

216 818 468 872 PAPINI
517 819 755 873 STATII
806 818 1297 876 ACHILLEIDOS
1344 822 1478 876 LIB.
1531 822 1573 876 Ι.
1659 821 1913 877 Codicem

216 894 274 946 in
327 893 663 947 bibliotheca
717 894 936 964 publica
990 894 1299 966 Bremensi,
1364 915 1469 966 quo
1525 897 1913 967 Bulthauptius

222 967 604 1022 liberalissime
675 987 798 1022 eum
867 969 1346 1023 transmittendum
1416 974 1733 1041 curaverat.
1795 971 1913 1041 ipse

216 1041 434 1096 contuli.

367 1114 579 1169 Codex
634 1114 1136 1185 Bambergensis
1183 1117 1236 1172 N
1274 1117 1354 1171 IV
1403 1120 1468 1172 11
1518 1127 1563 1172 Β
1617 1119 1913 1174 membran.

219 1207 354 1243 saec.
394 1187 488 1242 XIi
527 1191 762 1258 primum
804 1210 836 1243 a
874 1190 1132 1245 Muellero
1182 1195 1445 1262 quantum
1486 1193 1594 1246 scio
1636 1193 1912 1247 adhibitus

217 1266 270 1316 et
327 1268 503 1316 certus
557 1265 870 1334 integerque
927 1266 1150 1318 alterius
1209 1267 1537 1320 recensionis
1590 1267 1747 1320 testis
1800 1285 1912 1323 non

215 1337 490 1391 immerito
536 1338 802 1391 iudicatus
844 1343 939 1392 est.
1002 1337 1260 1393 Continet
1297 1340 1409 1395 foll.
1450 1341 1520 1394 93
1561 1341 1737 1395 solam
1774 1340 1911 1396 The-

215 1411 377 1464 baida
418 1429 537 1464 cum
579 1412 800 1466 scholiis
832 1414 1116 1482 permultis
1148 1414 1205 1466 in
1235 1415 1480 1483 margine
1513 1415 1747 1484 scriptia,
1777 1433 1911 1484 quae

215 1486 431 1555 quidem
486 1503 741 1556 magnam
787 1490 996 1555 partem
1044 1506 1213 1556 paene
1270 1489 1536 1542 exstincta
1587 1489 1911 1544 difficillima

213 1559 280 1612 ad
312 1559 601 1628 legendum
627 1564 766 1613 sunt.
817 1561 970 1614 Folia
1007 1564 1062 1614 la
1085 1560 1183 1614 22¹³
1208 1563 1305 1615 23²
1328 1563 1395 1615 91
1431 1563 1637 1632 liquore
1670 1563 1904 1632 quodam

212 1633 292 1686 ita
328 1634 549 1702 perfusa
589 1638 736 1703 sunt,
784 1638 846 1687 ut
891 1636 1058 1687 verba
1104 1639 1296 1703 poetae
1345 1654 1516 1704 paene
1564 1637 1782 1690 omnino
1822 1636 1909 1689 de-

212 1707 468 1761 lerentur.
544 1707 755 1760 Desunt
802 1709 859 1760 in
905 1708 1008 1761 hoc
1055 1709 1196 1761 libro
1246 1728 1431 1762 versus
1477 1709 1556 1762 IV
1604 1710 1730 1764 270.
1781 1710 1907 1779 386,

211 1780 320 1834 VII
359 1781 706 1848 296—383,
752 1781 830 1834 IX
870 1782 956 1835 53.
1001 1783 1118 1836 187.
1160 1784 1292 1851 378,
1339 1783 1416 1835 XI
1455 1783 1582 1838 459.
1651 1781 1907 1838 Codicem

214 1854 280 1907 ad
318 1855 488 1907 libros
529 1873 622 1907 sex
661 1856 987 1924 posteriores
1020 1857 1134 1925 ipse
1168 1857 1390 1926 contuli,
1421 1858 1477 1910 in
1511 1876 1602 1910 sex
1633 1858 1906 1928 prioribus

211 1928 534 1982 lectionibus
576 1948 607 1981 a
646 1928 907 1983 Muellero
948 1931 1176 1999 prolatis
1218 1949 1346 1984 usus
1387 1950 1518 1984 sum.
1572 1930 1738 1986 Initio
1778 1932 1908 1986 libri

211 2003 413 2071 legitur
458 2003 767 2070 inscriptio:
814 2003 1004 2057 INEP.
1051 2003 1187 2057 LIB.
1226 2004 1269 2058 I.
1311 2003 1564 2058 STATII.
1612 2004 1907 2060 PAPINII.

212 2075 534 2130 SVRSVLI.
574 2076 1018 2146 THEBAIDOS;
1073 2079 1128 2130 in
1176 2079 1281 2130 fine
1327 2079 1494 2131 totius
1536 2079 1792 2132 carminis
1831 2079 1904 2132 le-

211 2153 413 2218 guntur
436 2149 597 2203 haec:
631 2151 688 2203 P.
715 2150 980 2204 PAPINI.
1006 2150 1216 2205 STATI
1241 2150 1660 2206 THEBAIDOS
1683 2151 1905 2208 LIBER
2004 2189 2008 2191 >

208 2223 330 2277 XII.
369 2223 724 2278 EXPLICIT.

363 2296 598 2366 Optimis
646 2299 731 2350 his
773 2298 1044 2352 codicibus
1085 2299 1414 2369 adiungendi
1461 2303 1586 2352 sunt
1628 2301 1793 2355 ceteri
1833 2300 1906 2353 al·

211 2371 383 2423 terius
425 2372 639 2441 generis
671 2373 798 2425 libri
829 2373 1198 2442 manuscripti,
1238 2391 1466 2442 quorum
1496 2373 1754 2428 lectiones
1786 2374 1903 2428 ubi·

210 2463 463 2572 outnqueh
473 2445 621 2528 inter
661 2464 716 2498 se
754 2452 1061 2520 congruunt
1092 2447 1278 2499 littera
1307 2455 1366 2500 M
1398 2447 1714 2516 significavi.
1763 2446 1903 2514 Sunt

208 2536 388 2571 auem
467 2537 509 2571 1:

358 2590 502 2646 Cod.
541 2591 879 2647 Roffensis
921 2593 1094 2663 (Mus
1136 2592 1294 2646 Brit.
1330 2594 1398 2647 15
1432 2592 1550 2664 CX)
1589 2614 1619 2647 r
1658 2613 1794 2649 saec.
1825 2594 1900 2647 Χο

209 2669 460 2719 exaratus
502 2666 742 2719 continet
780 2667 1069 2721 Thebaida.
1131 2667 1272 2720 Eum
1313 2668 1421 2720 iam
1459 2666 1738 2723 Bentleius
1778 2686 1899 2721 cum

208 2743 465 2808 quattuor
525 2741 646 2793 aliis
703 2741 972 2794 codicibus
1029 2742 1095 2794 ad
1151 2741 1427 2795 Thebaida
1488 2743 1790 2795 contulerat
1845 2744 1900 2794 et

208 2813 392 2867 littera
437 2814 489 2867 θ
527 2814 869 2885 insignierat,
923 2820 983 2868 ut
1039 2815 1289 2868 docemur
1345 2816 1421 2868 eis
1478 2833 1614 2885 quae
1668 2815 1751 2868 vir
1805 2814 1897 2867 ille

206 2887 540 2941 clarissimus
597 2888 891 2957 exemplari
940 2889 1189 2943 editionis
1238 2887 1595 2943 Grevartianae
1648 2906 1790 2942 nunc
1839 2888 1897 2942 in
