1942 3190
136 148 204 200 10
707 148 758 193 P.
790 148 1022 194 PAPINII
1054 148 1258 194 STATH

131 268 230 322 Vis
269 268 472 322 festina
510 271 670 338 parat
707 271 1032 339 tenerosque
1073 270 1382 339 supervenit
1422 288 1606 325 annos.

134 342 280 396 Olim
321 346 374 396 et
412 343 552 395 ferre
592 343 768 396 minas
811 344 1073 413 avideque
1114 344 1295 397 audire
1337 345 1551 398 solebat

129 417 368 486 Imperia
404 421 458 470 et
489 417 693 470 nostris
727 419 915 486 procul
946 418 1078 471 haut
1111 418 1380 471 discedere
1414 419 1480 471 ab
1506 420 1702 474 antris:
1745 433 1831 474 150

135 491 296 546 Nunc
335 491 493 544 illum
533 510 644 544 11011
684 490 822 544 0003
862 493 1023 562 capit,
1062 510 1173 545 11011
1210 492 1399 546 Ρο11011
1437 493 1627 562 ingens

130 565 449 618 Pharsalive
488 565 655 619 niveS.
718 565 830 634 Ipsi
872 566 1007 618 mihi
1047 585 1206 635 saepe
1249 569 1549 636 queruntur

134 638 393 693 Centauri
431 642 725 709 raptasque
766 640 954 693 domos
996 641 1379 710 abstractaque
1420 659 1602 695 coram

129 714 394 766 Armenta
433 716 486 766 et
526 717 696 766 semet
734 714 940 783 campis
979 714 1265 784 fluviisque
1304 715 1510 784 fugari:

133 788 477 857 Insidiaeque
517 791 572 840 et
609 788 755 840 bella
793 792 990 857 parant
1028 789 1338 858 tumideque
1378 789 1669 842 minantur.
1748 802 1833 843 155

130 861 277 915 Olim
317 861 564 931 equidem
604 861 821 931 Argoos
861 863 1020 931 pinus
1061 881 1183 916 cum
1223 863 1486 916 Thessala
1523 880 1679 934 reges

130 936 250 989 Hac
289 937 534 1006 veheret7
573 937 821 989 iuvenem
860 936 1093 990 Alciden
1133 939 1187 989 et
1226 937 1437 990 Thesea
1475 937 1587 990 vidi
1627 968 1698 975 —

131 1009 235 1063 Sed
274 1009 462 1062 taceO.⁹
540 1010 583 1063 F
586 1011 688 1080 igit
727 1011 933 1080 gelidus
973 1009 1210 1064 Nereida
1247 1011 1438 1079 pallor.

202 1083 303 1137 Ille
344 1084 533 1137 aderat
571 1085 744 1137 multo
787 1085 978 1137 sudore
1019 1088 1073 1137 et
1110 1086 1330 1154 pulvere
1370 1085 1558 1154 maior,

128 1159 202 1212 Et
241 1161 424 1211 tamen
464 1177 615 1211 arma
652 1159 794 1211 inter
830 1158 1222 1228 festinatosque
1260 1160 1476 1212 labores
1739 1172 1823 1212 160

128 1232 317 1285 Dulcis
359 1232 535 1285 adhuc
574 1232 715 1285 visu:
756 1233 915 1286 niveo
955 1236 1113 1286 natat
1152 1233 1296 1303 ignis
1337 1233 1393 1285 in
1434 1251 1524 1286 ore

130 1307 440 1375 Purpureus
481 1306 739 1376 fulvoque
779 1307 920 1359 nitet
960 1325 1114 1360 coma
1153 1307 1361 1377 gratior
1401 1325 1548 1360 auro.

128 1379 374 1434 Necdum
415 1380 593 1449 prima
631 1399 774 1433 nova
812 1381 1071 1449 lanugine
1110 1377 1341 1434 vertitur
1381 1383 1547 1449 aetas,

87 1517 91 1521 ,
130 1454 588 1524 Tranquillaeque
628 1454 773 1507 faces
814 1455 987 1507 oculis
1030 1457 1084 1506 et
1122 1455 1359 1523 plurima
1396 1454 1553 1507 vultu

129 1529 307 1581 Mater
346 1529 514 1581 inest:
557 1528 732 1597 qualis
771 1527 941 1597 Lycia
979 1531 1208 1581 venator
1247 1527 1448 1596 Apollo
1744 1539 1828 1581 165

131 1601 269 1656 Cum
307 1602 449 1654 redit
490 1605 544 1654 et
585 1602 760 1654 saevis
800 1605 1075 1670 permutat
1112 1603 1319 1670 plectra
1359 1600 1646 1669 pharetris.

129 1675 291 1729 Forte
332 1679 385 1728 et
423 1677 600 1728 laetus
641 1676 795 1728 adest
841 1675 896 1743 (0
937 1678 1199 1744 quantum
1239 1675 1437 1745 gaudia
1475 1673 1682 1727 formae

130 1749 391 1802 Adiciunt
407 1747 467 1819 !):
508 1749 677 1801 fetam
715 1748 948 1801 Pholoes
992 1749 1092 1802 sub
1131 1767 1263 1817 rupe
1302 1749 1548 1802 leaenam

133 1824 446 1877 Perculerat
483 1823 625 1876 ferro
666 1822 956 1891 vacuisque
996 1823 1291 1892 reliquerat
1330 1822 1500 1875 antris

129 1898 335 1967 Ipsam,
376 1897 470 1950 sed
510 1898 715 1949 catulos
757 1899 1014 1967 apportat
1053 1899 1107 1949 et
1144 1897 1340 1949 incitat
1382 1912 1606 1965 ungues,
1745 1908 1831 1949 170

136 1971 282 2034 Quos
322 1974 523 2040 tamen,
562 1974 624 2024 ut
661 1971 767 2024 fido
809 1971 1058 2040 genetrix
1097 1971 1156 2023 in
1195 1970 1383 2023 limine
1423 1970 1541 2022 visa
1581 1972 1677 2038 est,

253 2122 334 2161 148
373 2119 628 2173 tenuesque
662 2120 782 2170 ApG
821 2117 1080 2171 tenuosque
1111 2120 1151 2169 t;
1200 2115 1277 2159 sed
1308 2114 1365 2169 cf.
1398 2114 1532 2169 infra
1570 2127 1611 2158 v.
1637 2116 1730 2159 478
1762 2114 1835 2158 II

129 2180 191 2221 96
213 2177 363 2232 (382).
424 2176 597 2220 ‘tenues
640 2175 773 2219 anni'
820 2176 996 2219 senium
1047 2174 1314 2231 significant
1372 2173 1508 2217 Theb.
1565 2172 1654 2216 IV
1700 2173 1830 2232 5121!

133 2240 215 2279 149
236 2235 359 2279 Olim
376 2236 425 2279 et
446 2235 568 2279 ferre
585 2234 682 2277 (³21.
702 2234 825 2279 Olim
842 2233 980 2278 effere
998 2237 1030 2275 P
1064 2232 1189 2277 Olim
1206 2232 1325 2277 ferre
1343 2236 1388 2274 m
1403 2231 1651 2290 {avideque
1669 2231 1830 2277 audire

129 2301 162 2338 P
187 2296 237 2339 et
260 2294 388 2338 obire
420 2293 583 2339 audita
614 2294 747 2338 ceteri
768 2294 784 2351 ΙΙ
811 2298 894 2337 150
927 2293 1150 2337 decedere
1175 2291 1485 2335 Baehrensius
1519 2292 1536 2348 11
1570 2296 1652 2335 152
1686 2291 1832 2335 Phar-

132 2353 337 2398 saliaeve
370 2358 402 2395 P
443 2353 775 2398 Thessaliaeve
827 2353 960 2397 ceteri
999 2351 1357 2396 Thessalicaeve
1398 2351 1495 2394 edd.
1535 2353 1637 2393 vett.
1684 2349 1831 2395 Phar-

132 2413 277 2457 salive
310 2426 423 2457 corr.
457 2413 769 2457 Baehrensius
791 2413 807 2469 ΙΙ
834 2415 918 2456 154
959 2412 1105 2455 semet-
1138 2409 1315 2466 campis
1347 2413 1438 2453 An
1471 2408 1649 2465 campis
1680 2409 1832 2454 semet

131 2472 228 2516 edd.
262 2473 277 2528 ΙΙ
311 2476 394 2515 155
435 2471 723 2527 Insidiasque
755 2475 793 2514 A
825 2470 1020 2515 Insidias
1052 2474 1097 2512 M
1135 2470 1142 2525 1
1183 2468 1454 2524 tumideque
1485 2472 1518 2510 P
1563 2467 1830 2524 tumidique

131 2532 266 2575 ceteri
311 2530 558 2586 timidique
608 2531 778 2576 Venett.
812 2530 1008 2575 Gronov.
1033 2530 1049 2586 ΙΙ
1076 2533 1159 2573 156
1193 2542 1356 2584 argeos
1389 2533 1409 2570 t
1439 2526 1685 2584 Argolicos
1717 2526 1826 2572 Nic.

131 2590 358 2634 Heinsius
389 2590 591 2646 Argivos
623 2590 936 2634 Baehrensius
959 2589 975 2645 ΙΙ
1007 2592 1089 2632 157
1123 2600 1279 2631 versus
1309 2588 1363 2630 in
1394 2591 1426 2629 P
1458 2590 1672 2631 contemtu
1695 2586 1828 2631 omi-3·

132 2662 225 2704 sus,
256 2650 333 2693 sed
364 2649 516 2693 eadem
546 2663 690 2693 manu
720 2649 816 2693 ima
835 2649 1014 2705 payina
1039 2648 1226 2692 additus
1248 2646 1253 2704 Ι
1273 2646 1464 2690 iuvenes
1496 2650 1567 2688 tn
1590 2646 1607 2702 ΙΙ
1639 2649 1722 2689 158
1747 2659 1828 2701 ge-

131 2708 255 2751 lidus
293 2707 399 2765 figit
429 2708 703 2764 praecordia
734 2707 887 2764 pallor
919 2713 939 2749 t
965 2708 980 2764 ΙΙ
1009 2710 1091 2750 160
1124 2706 1183 2749 Et
1213 2707 1372 2750 tamen
1403 2709 1494 2747 AM
1523 2704 1747 2748 Attamen
1780 2703 1832 2821 τυ

136 2771 218 2811 161
264 2769 403 2812 vacat
440 2782 483 2809 m
528 2768 543 2823 ΙΙ
592 2772 674 2811 162
718 2767 980 2823 Porpureus
1024 2770 1056 2808 P
1102 2766 1118 2822 ΙΙ
1167 2769 1250 2809 166
1295 2764 1418 2809 Dum
1456 2769 1492 2806 1)
1531 2765 1538 2818 Ι
1578 2762 1736 2819 plecta
1766 2766 1799 2805 P

137 2831 222 2870 168
271 2826 454 2870 leonem
488 2831 507 2868 t
544 2826 560 2883 ΙΙ
597 2831 679 2870 169
712 2826 967 2881 reliquerat
996 2824 1150 2881 ipsam
1182 2827 1217 2865 G
1254 2825 1271 2880 ΙΙ
1311 2829 1394 2868 170
1428 2821 1609 2878 Antris,
1642 2821 1722 2866 sed
1756 2824 1791 2863 G
1819 2820 1825 2879 Ι

133 2886 346 2941 asportat
376 2886 475 2930 edd.
501 2889 602 2930 vett.
644 2885 843 2944 alssoptat
876 2884 933 2926 (32
