<?xml version="1.0" encoding="UTF-8"?>
<!DOCTYPE html PUBLIC "-//W3C//DTD XHTML 1.0 Transitional//EN"
    "http://www.w3.org/TR/xhtml1/DTD/xhtml1-transitional.dtd">
<html xmlns="http://www.w3.org/1999/xhtml" xml:lang="en" lang="en">
 <head>
  <title>
</title>
<meta http-equiv="Content-Type" content="text/html;charset=utf-8" />
  <meta name='ocr-system' content='tesseract 3.04.00' />
  <meta name='ocr-capabilities' content='ocr_page ocr_carea ocr_par ocr_line ocrx_word'/>
</head>
<body>
  <div class='ocr_page' id='page_1' title='image "./operapapinius212statuoft_0186.png"; bbox 0 0 2008 3198; ppageno 0'>
   <div class='ocr_carea' id='block_1_1' title="bbox 1670 0 2008 61">
    <p class='ocr_par' dir='ltr' id='par_1_1' title="bbox 1670 0 2008 61">
     <span class='ocr_line' id='line_1_1' title="bbox 1670 0 2008 61; baseline 0 3137"><span class='ocrx_word' id='word_1_1' title='bbox 1670 0 2008 61; x_wconf 95' lang='lat' dir='ltr'> </span> 
     </span>
    </p>
   </div>
   <div class='ocr_carea' id='block_1_2' title="bbox 213 161 1324 218">
    <p class='ocr_par' dir='ltr' id='par_1_2' title="bbox 213 161 1324 218">
     <span class='ocr_line' id='line_1_2' title="bbox 213 161 1324 218; baseline -0.002 -8"><span class='ocrx_word' id='word_1_2' title='bbox 213 166 312 218; x_wconf 64' lang='lat'>98„</span> <span class='ocrx_word' id='word_1_3' title='bbox 397 161 402 163; x_wconf 67' lang='grc'><strong>’</strong></span> <span class='ocrx_word' id='word_1_4' title='bbox 790 164 840 210; x_wconf 92' lang='grc' dir='ltr'>Ρ.</span> <span class='ocrx_word' id='word_1_5' title='bbox 871 164 1099 209; x_wconf 86' lang='lat' dir='ltr'>PAPINII</span> <span class='ocrx_word' id='word_1_6' title='bbox 1130 164 1324 209; x_wconf 86' lang='lat' dir='ltr'>STATII</span> 
     </span>
    </p>
   </div>
   <div class='ocr_carea' id='block_1_3' title="bbox 202 284 1965 2345">
    <p class='ocr_par' dir='ltr' id='par_1_3' title="bbox 211 284 1695 356">
     <span class='ocr_line' id='line_1_3' title="bbox 211 284 1695 356; baseline -0.002 -16"><span class='ocrx_word' id='word_1_7' title='bbox 211 286 429 341; x_wconf 91' lang='lat' dir='ltr'>Moenia</span> <span class='ocrx_word' id='word_1_8' title='bbox 466 287 621 356; x_wconf 87' lang='lat' dir='ltr'>lapsa</span> <span class='ocrx_word' id='word_1_9' title='bbox 660 285 768 339; x_wconf 90' lang='lat' dir='ltr'>situ</span> <span class='ocrx_word' id='word_1_10' title='bbox 807 303 1141 356; x_wconf 81' lang='lat' dir='ltr'>magnaeque</span> <span class='ocrx_word' id='word_1_11' title='bbox 1180 284 1504 355; x_wconf 85' lang='lat' dir='ltr'>Amphionis</span> <span class='ocrx_word' id='word_1_12' title='bbox 1544 301 1695 338; x_wconf 83' lang='lat' dir='ltr'>arces</span> 
     </span>
    </p>

    <p class='ocr_par' dir='ltr' id='par_1_4' title="bbox 210 358 1643 424">
     <span class='ocr_line' id='line_1_4' title="bbox 210 358 1643 424; baseline -0.001 -10"><span class='ocrx_word' id='word_1_13' title='bbox 210 361 328 414; x_wconf 88' lang='lat' dir='ltr'>Iam</span> <span class='ocrx_word' id='word_1_14' title='bbox 366 361 572 414; x_wconf 87' lang='lat' dir='ltr'>fessum</span> <span class='ocrx_word' id='word_1_15' title='bbox 612 359 761 413; x_wconf 88' lang='lat' dir='ltr'>senio</span> <span class='ocrx_word' id='word_1_16' title='bbox 800 359 1008 412; x_wconf 91' lang='lat' dir='ltr'>nudant</span> <span class='ocrx_word' id='word_1_17' title='bbox 1045 359 1213 424; x_wconf 76' lang='lat' dir='ltr'>latuS‚</span> <span class='ocrx_word' id='word_1_18' title='bbox 1254 362 1311 411; x_wconf 91' lang='lat' dir='ltr'>et</span> <span class='ocrx_word' id='word_1_19' title='bbox 1346 358 1452 411; x_wconf 82' lang='lat' dir='ltr'>fide</span> <span class='ocrx_word' id='word_1_20' title='bbox 1491 376 1643 412; x_wconf 83' lang='lat' dir='ltr'>sacra</span> 
     </span>
    </p>

    <p class='ocr_par' dir='ltr' id='par_1_5' title="bbox 212 432 1645 504">
     <span class='ocr_line' id='line_1_5' title="bbox 212 432 1645 504; baseline -0.001 -16"><span class='ocrx_word' id='word_1_21' title='bbox 212 435 490 504; x_wconf 86' lang='lat' dir='ltr'>Aequatos</span> <span class='ocrx_word' id='word_1_22' title='bbox 530 433 679 487; x_wconf 91' lang='lat' dir='ltr'>caelo</span> <span class='ocrx_word' id='word_1_23' title='bbox 721 433 942 486; x_wconf 89' lang='lat' dir='ltr'>surdum</span> <span class='ocrx_word' id='word_1_24' title='bbox 982 436 1143 503; x_wconf 87' lang='lat' dir='ltr'>atque</span> <span class='ocrx_word' id='word_1_25' title='bbox 1182 432 1425 502; x_wconf 85' lang='lat' dir='ltr'>ignobile</span> <span class='ocrx_word' id='word_1_26' title='bbox 1463 450 1645 487; x_wconf 88' lang='lat' dir='ltr'>muros</span> 
     </span>
    </p>

    <p class='ocr_par' dir='ltr' id='par_1_6' title="bbox 210 505 1902 578">
     <span class='ocr_line' id='line_1_6' title="bbox 210 505 1902 578; baseline 0 -17"><span class='ocrx_word' id='word_1_27' title='bbox 210 508 419 562; x_wconf 88' lang='lat' dir='ltr'>Firmat</span> <span class='ocrx_word' id='word_1_28' title='bbox 457 526 607 578; x_wconf 79' lang='lat' dir='ltr'>opus,</span> <span class='ocrx_word' id='word_1_29' title='bbox 684 506 891 560; x_wconf 84' lang='lat' dir='ltr'>Tamen</span> <span class='ocrx_word' id='word_1_30' title='bbox 930 509 985 559; x_wconf 91' lang='lat' dir='ltr'>et</span> <span class='ocrx_word' id='word_1_31' title='bbox 1023 507 1245 560; x_wconf 91' lang='lat' dir='ltr'>Boeotis</span> <span class='ocrx_word' id='word_1_32' title='bbox 1284 506 1510 559; x_wconf 82' lang='lat' dir='ltr'>urbibus</span> <span class='ocrx_word' id='word_1_33' title='bbox 1548 505 1716 560; x_wconf 83' lang='lat' dir='ltr'>ultrix</span> <span class='ocrx_word' id='word_1_34' title='bbox 1813 518 1902 561; x_wconf 76' lang='lat'>36⁰</span> 
     </span>
    </p>

    <p class='ocr_par' dir='ltr' id='par_1_7' title="bbox 211 581 1420 651">
     <span class='ocr_line' id='line_1_7' title="bbox 211 581 1420 651; baseline -0.002 -16"><span class='ocrx_word' id='word_1_35' title='bbox 211 582 475 651; x_wconf 85' lang='lat' dir='ltr'>Adspirat</span> <span class='ocrx_word' id='word_1_36' title='bbox 511 582 645 635; x_wconf 84' lang='lat' dir='ltr'>ferri</span> <span class='ocrx_word' id='word_1_37' title='bbox 682 581 861 634; x_wconf 88' lang='lat' dir='ltr'>rabies</span> <span class='ocrx_word' id='word_1_38' title='bbox 870 623 884 651; x_wconf 86' lang='lat'><em>‚</em></span> <span class='ocrx_word' id='word_1_39' title='bbox 923 598 1022 634; x_wconf 89' lang='lat' dir='ltr'>nec</span> <span class='ocrx_word' id='word_1_40' title='bbox 1060 582 1207 650; x_wconf 83' lang='lat' dir='ltr'>regis</span> <span class='ocrx_word' id='word_1_41' title='bbox 1247 581 1420 649; x_wconf 89' lang='lat' dir='ltr'>iniqui</span> 
     </span>
    </p>

    <p class='ocr_par' dir='ltr' id='par_1_8' title="bbox 211 655 1749 725">
     <span class='ocr_line' id='line_1_8' title="bbox 211 655 1749 725; baseline -0.002 -16"><span class='ocrx_word' id='word_1_42' title='bbox 211 655 486 725; x_wconf 72' lang='lat' dir='ltr'>Subsiffio,</span> <span class='ocrx_word' id='word_1_43' title='bbox 525 658 788 725; x_wconf 89' lang='lat' dir='ltr'>quantum</span> <span class='ocrx_word' id='word_1_44' title='bbox 828 655 977 709; x_wconf 90' lang='lat' dir='ltr'>socia</span> <span class='ocrx_word' id='word_1_45' title='bbox 1014 673 1112 724; x_wconf 89' lang='lat' dir='ltr'>pro</span> <span class='ocrx_word' id='word_1_46' title='bbox 1154 657 1315 723; x_wconf 86' lang='lat' dir='ltr'>gente</span> <span class='ocrx_word' id='word_1_47' title='bbox 1347 656 1647 707; x_wconf 89' lang='lat' dir='ltr'>moventur.</span> <span class='ocrx_word' id='word_1_48' title='bbox 1743 681 1749 686; x_wconf 81' lang='lat'>-</span> 
     </span>
    </p>

    <p class='ocr_par' dir='ltr' id='par_1_9' title="bbox 209 728 1558 798">
     <span class='ocr_line' id='line_1_9' title="bbox 209 728 1558 798; baseline -0.002 -15"><span class='ocrx_word' id='word_1_49' title='bbox 209 731 310 783; x_wconf 90' lang='lat' dir='ltr'>Ille</span> <span class='ocrx_word' id='word_1_50' title='bbox 349 730 498 783; x_wconf 85' lang='lat' dir='ltr'>velut</span> <span class='ocrx_word' id='word_1_51' title='bbox 536 729 746 797; x_wconf 90' lang='lat' dir='ltr'>pecoris</span> <span class='ocrx_word' id='word_1_52' title='bbox 787 729 948 798; x_wconf 91' lang='lat' dir='ltr'>lupus</span> <span class='ocrx_word' id='word_1_53' title='bbox 989 732 1327 798; x_wconf 82' lang='lat' dir='ltr'>expugnator</span> <span class='ocrx_word' id='word_1_54' title='bbox 1366 728 1558 797; x_wconf 83' lang='lat' dir='ltr'>opimi,</span> 
     </span>
    </p>

    <p class='ocr_par' dir='ltr' id='par_1_10' title="bbox 209 798 1898 871">
     <span class='ocr_line' id='line_1_10' title="bbox 209 798 1898 871; baseline -0.005 -14"><span class='ocrx_word' id='word_1_55' title='bbox 209 804 441 857; x_wconf 75' lang='lat' dir='ltr'>Pectora</span> <span class='ocrx_word' id='word_1_56' title='bbox 480 804 692 856; x_wconf 90' lang='lat' dir='ltr'>tabenti</span> <span class='ocrx_word' id='word_1_57' title='bbox 730 802 881 856; x_wconf 89' lang='lat' dir='ltr'>sanie</span> <span class='ocrx_word' id='word_1_58' title='bbox 920 798 1104 871; x_wconf 83' lang='lat' dir='ltr'>gravis</span> <span class='ocrx_word' id='word_1_59' title='bbox 1144 802 1396 871; x_wconf 85' lang='lat' dir='ltr'>hirtaque</span> <span class='ocrx_word' id='word_1_60' title='bbox 1438 802 1601 854; x_wconf 88' lang='lat' dir='ltr'>saetis</span> <span class='ocrx_word' id='word_1_61' title='bbox 1896 847 1898 849; x_wconf 74' lang='grc'><strong>,</strong></span> 
     </span>
    </p>

    <p class='ocr_par' dir='ltr' id='par_1_11' title="bbox 211 875 1901 944">
     <span class='ocr_line' id='line_1_11' title="bbox 211 875 1901 944; baseline -0.001 -13"><span class='ocrx_word' id='word_1_62' title='bbox 211 877 319 931; x_wconf 90' lang='lat' dir='ltr'>Ora</span> <span class='ocrx_word' id='word_1_63' title='bbox 359 881 641 931; x_wconf 88' lang='lat' dir='ltr'>cruentata</span> <span class='ocrx_word' id='word_1_64' title='bbox 681 876 937 930; x_wconf 88' lang='lat' dir='ltr'>deformis</span> <span class='ocrx_word' id='word_1_65' title='bbox 976 875 1187 929; x_wconf 89' lang='lat' dir='ltr'>hiantia</span> <span class='ocrx_word' id='word_1_66' title='bbox 1225 877 1374 944; x_wconf 83' lang='lat' dir='ltr'>lana,</span> <span class='ocrx_word' id='word_1_67' title='bbox 1813 887 1901 929; x_wconf 77' lang='lat'>365</span> 
     </span>
    </p>

    <p class='ocr_par' dir='ltr' id='par_1_12' title="bbox 208 949 1538 1005">
     <span class='ocr_line' id='line_1_12' title="bbox 208 949 1538 1005; baseline -0.002 -1"><span class='ocrx_word' id='word_1_68' title='bbox 208 951 439 1005; x_wconf 88' lang='lat' dir='ltr'>Decedit</span> <span class='ocrx_word' id='word_1_69' title='bbox 479 951 710 1004; x_wconf 84' lang='lat' dir='ltr'>stabulis</span> <span class='ocrx_word' id='word_1_70' title='bbox 749 950 854 1004; x_wconf 91' lang='lat' dir='ltr'>huc</span> <span class='ocrx_word' id='word_1_71' title='bbox 894 950 1023 1003; x_wconf 90' lang='lat' dir='ltr'>illuc</span> <span class='ocrx_word' id='word_1_72' title='bbox 1061 949 1277 1003; x_wconf 90' lang='lat' dir='ltr'>turbida</span> <span class='ocrx_word' id='word_1_73' title='bbox 1315 966 1538 1002; x_wconf 85' lang='lat' dir='ltr'>versans</span> 
     </span>
    </p>

    <p class='ocr_par' dir='ltr' id='par_1_13' title="bbox 211 1024 1548 1095">
     <span class='ocr_line' id='line_1_13' title="bbox 211 1024 1548 1095; baseline -0.002 -17"><span class='ocrx_word' id='word_1_74' title='bbox 211 1026 462 1095; x_wconf 84' lang='lat' dir='ltr'>Lumina,</span> <span class='ocrx_word' id='word_1_75' title='bbox 502 1026 548 1077; x_wconf 91' lang='lat' dir='ltr'>si</span> <span class='ocrx_word' id='word_1_76' title='bbox 588 1025 706 1077; x_wconf 89' lang='lat' dir='ltr'>duri</span> <span class='ocrx_word' id='word_1_77' title='bbox 745 1027 1022 1093; x_wconf 89' lang='lat' dir='ltr'>comperta</span> <span class='ocrx_word' id='word_1_78' title='bbox 1062 1024 1213 1077; x_wconf 89' lang='lat' dir='ltr'>clade</span> <span class='ocrx_word' id='word_1_79' title='bbox 1253 1026 1548 1093; x_wconf 87' lang='lat' dir='ltr'>sequantur</span> 
     </span>
    </p>

    <p class='ocr_par' dir='ltr' id='par_1_14' title="bbox 207 1096 1667 1239">
     <span class='ocr_line' id='line_1_14' title="bbox 207 1096 1558 1168; baseline -0.004 -15"><span class='ocrx_word' id='word_1_80' title='bbox 207 1099 486 1168; x_wconf 78' lang='lat' dir='ltr'>PastoreS‚</span> <span class='ocrx_word' id='word_1_81' title='bbox 525 1098 816 1167; x_wconf 85' lang='lat' dir='ltr'>magnique</span> <span class='ocrx_word' id='word_1_82' title='bbox 855 1098 1000 1167; x_wconf 83' lang='lat' dir='ltr'>fugit</span> <span class='ocrx_word' id='word_1_83' title='bbox 1036 1116 1146 1151; x_wconf 90' lang='lat' dir='ltr'>non</span> <span class='ocrx_word' id='word_1_84' title='bbox 1184 1099 1384 1150; x_wconf 87' lang='lat' dir='ltr'>inscius</span> <span class='ocrx_word' id='word_1_85' title='bbox 1425 1096 1558 1149; x_wconf 88' lang='lat' dir='ltr'>ausi.</span> 
     </span>
     <span class='ocr_line' id='line_1_15' title="bbox 283 1171 1667 1239; baseline -0.003 -13"><span class='ocrx_word' id='word_1_86' title='bbox 283 1173 609 1227; x_wconf 87' lang='lat' dir='ltr'>Accumulat</span> <span class='ocrx_word' id='word_1_87' title='bbox 647 1173 862 1224; x_wconf 90' lang='lat' dir='ltr'>crebros</span> <span class='ocrx_word' id='word_1_88' title='bbox 902 1172 1175 1224; x_wconf 72' lang='lat' dir='ltr'>turbatrix</span> <span class='ocrx_word' id='word_1_89' title='bbox 1211 1171 1379 1224; x_wconf 85' lang='lat' dir='ltr'>Fama</span> <span class='ocrx_word' id='word_1_90' title='bbox 1418 1187 1667 1239; x_wconf 80' lang='lat' dir='ltr'>pavores:</span> 
     </span>
    </p>

    <p class='ocr_par' dir='ltr' id='par_1_15' title="bbox 206 1244 1901 1314">
     <span class='ocr_line' id='line_1_16' title="bbox 206 1244 1901 1314; baseline -0.002 -14"><span class='ocrx_word' id='word_1_91' title='bbox 206 1248 311 1300; x_wconf 90' lang='lat' dir='ltr'>Hic</span> <span class='ocrx_word' id='word_1_92' title='bbox 351 1248 461 1299; x_wconf 89' lang='lat' dir='ltr'>iam</span> <span class='ocrx_word' id='word_1_93' title='bbox 502 1247 776 1314; x_wconf 86' lang='lat' dir='ltr'>dispersos</span> <span class='ocrx_word' id='word_1_94' title='bbox 818 1263 996 1298; x_wconf 87' lang='lat' dir='ltr'>errare</span> <span class='ocrx_word' id='word_1_95' title='bbox 1036 1244 1276 1313; x_wconf 81' lang='lat' dir='ltr'>Asopide</span> <span class='ocrx_word' id='word_1_96' title='bbox 1315 1245 1435 1312; x_wconf 85' lang='lat' dir='ltr'>ripa</span> <span class='ocrx_word' id='word_1_97' title='bbox 1808 1255 1901 1297; x_wconf 85' lang='grc'>370</span> 
     </span>
    </p>

    <p class='ocr_par' dir='ltr' id='par_1_16' title="bbox 206 1317 1648 1390">
     <span class='ocr_line' id='line_1_17' title="bbox 206 1317 1648 1390; baseline -0.003 -16"><span class='ocrx_word' id='word_1_98' title='bbox 206 1322 477 1374; x_wconf 88' lang='lat' dir='ltr'>Lernaeos</span> <span class='ocrx_word' id='word_1_99' title='bbox 519 1319 750 1390; x_wconf 85' lang='lat' dir='ltr'>equites;</span> <span class='ocrx_word' id='word_1_100' title='bbox 788 1319 878 1372; x_wconf 89' lang='lat' dir='ltr'>hic</span> <span class='ocrx_word' id='word_1_101' title='bbox 915 1322 992 1387; x_wconf 81' lang='lat' dir='ltr'>te,</span> <span class='ocrx_word' id='word_1_102' title='bbox 1031 1319 1291 1372; x_wconf 79' lang='lat' dir='ltr'>bacchate</span> <span class='ocrx_word' id='word_1_103' title='bbox 1331 1317 1648 1381; x_wconf 84' lang='lat' dir='ltr'>Cithaeron,</span> 
     </span>
    </p>

    <p class='ocr_par' dir='ltr' id='par_1_17' title="bbox 205 1388 1724 1463">
     <span class='ocr_line' id='line_1_18' title="bbox 205 1388 1724 1463; baseline -0.003 -15"><span class='ocrx_word' id='word_1_104' title='bbox 205 1395 306 1448; x_wconf 91' lang='lat' dir='ltr'>Ille</span> <span class='ocrx_word' id='word_1_105' title='bbox 346 1395 466 1463; x_wconf 91' lang='lat' dir='ltr'>rapi</span> <span class='ocrx_word' id='word_1_106' title='bbox 506 1393 813 1446; x_wconf 82' lang='lat' dir='ltr'>Teumeson</span> <span class='ocrx_word' id='word_1_107' title='bbox 853 1392 932 1445; x_wconf 91' lang='lat' dir='ltr'>ait</span> <span class='ocrx_word' id='word_1_108' title='bbox 969 1393 1252 1461; x_wconf 87' lang='lat' dir='ltr'>noctisque</span> <span class='ocrx_word' id='word_1_109' title='bbox 1291 1410 1390 1460; x_wconf 87' lang='lat' dir='ltr'>per</span> <span class='ocrx_word' id='word_1_110' title='bbox 1426 1391 1647 1444; x_wconf 88' lang='lat' dir='ltr'>umbras</span> <span class='ocrx_word' id='word_1_111' title='bbox 1722 1388 1724 1390; x_wconf 57' lang='grc'>’</span> 
     </span>
    </p>

    <p class='ocr_par' dir='ltr' id='par_1_18' title="bbox 205 1465 1495 1536">
     <span class='ocr_line' id='line_1_19' title="bbox 205 1465 1495 1536; baseline -0.003 -14"><span class='ocrx_word' id='word_1_112' title='bbox 205 1469 439 1522; x_wconf 87' lang='lat' dir='ltr'>Nuntiat</span> <span class='ocrx_word' id='word_1_113' title='bbox 478 1467 717 1520; x_wconf 84' lang='lat' dir='ltr'>excubiis</span> <span class='ocrx_word' id='word_1_114' title='bbox 756 1467 949 1536; x_wconf 84' lang='lat' dir='ltr'>vigiles</span> <span class='ocrx_word' id='word_1_115' title='bbox 991 1467 1187 1520; x_wconf 84' lang='lat' dir='ltr'>arsisse</span> <span class='ocrx_word' id='word_1_116' title='bbox 1228 1465 1495 1519; x_wconf 87' lang='lat' dir='ltr'>Plataeas.</span> 
     </span>
    </p>

    <p class='ocr_par' dir='ltr' id='par_1_19' title="bbox 204 1538 1634 1611">
     <span class='ocr_line' id='line_1_20' title="bbox 204 1538 1634 1611; baseline -0.003 -15"><span class='ocrx_word' id='word_1_117' title='bbox 204 1542 349 1596; x_wconf 92' lang='lat' dir='ltr'>Nam</span> <span class='ocrx_word' id='word_1_118' title='bbox 389 1542 580 1611; x_wconf 86' lang='lat' dir='ltr'>Tyrios</span> <span class='ocrx_word' id='word_1_119' title='bbox 622 1539 814 1593; x_wconf 90' lang='lat' dir='ltr'>sudare</span> <span class='ocrx_word' id='word_1_120' title='bbox 853 1541 994 1593; x_wconf 86' lang='lat' dir='ltr'>lares</span> <span class='ocrx_word' id='word_1_121' title='bbox 1035 1543 1090 1593; x_wconf 91' lang='lat' dir='ltr'>et</span> <span class='ocrx_word' id='word_1_122' title='bbox 1129 1540 1392 1610; x_wconf 83' lang='lat' dir='ltr'>sanguine</span> <span class='ocrx_word' id='word_1_123' title='bbox 1435 1538 1634 1591; x_wconf 89' lang='lat' dir='ltr'>Dircen</span> 
     </span>
    </p>

    <p class='ocr_par' dir='ltr' id='par_1_20' title="bbox 204 1614 1965 1685">
     <span class='ocr_line' id='line_1_21' title="bbox 204 1614 1965 1685; baseline -0.002 -16"><span class='ocrx_word' id='word_1_124' title='bbox 204 1615 482 1685; x_wconf 85' lang='lat' dir='ltr'>Inriguam</span> <span class='ocrx_word' id='word_1_125' title='bbox 520 1615 770 1682; x_wconf 86' lang='lat' dir='ltr'>fetusque</span> <span class='ocrx_word' id='word_1_126' title='bbox 809 1632 981 1667; x_wconf 88' lang='lat' dir='ltr'>novos</span> <span class='ocrx_word' id='word_1_127' title='bbox 1019 1615 1320 1682; x_wconf 90' lang='lat' dir='ltr'>iterumqne</span> <span class='ocrx_word' id='word_1_128' title='bbox 1360 1614 1599 1666; x_wconf 90' lang='lat' dir='ltr'>locutam</span> <span class='ocrx_word' id='word_1_129' title='bbox 1810 1624 1898 1666; x_wconf 78' lang='lat'>375</span> <span class='ocrx_word' id='word_1_130' title='bbox 1961 1679 1965 1682; x_wconf 12' lang='grc' dir='ltr'><strong><em>Δ</em></strong></span> 
     </span>
    </p>

    <p class='ocr_par' dir='ltr' id='par_1_21' title="bbox 207 1685 1723 1759">
     <span class='ocr_line' id='line_1_22' title="bbox 207 1685 1723 1759; baseline -0.003 -17"><span class='ocrx_word' id='word_1_131' title='bbox 207 1689 450 1759; x_wconf 84' lang='lat' dir='ltr'>Sphinga</span> <span class='ocrx_word' id='word_1_132' title='bbox 488 1689 680 1757; x_wconf 81' lang='lat' dir='ltr'>petriS‚</span> <span class='ocrx_word' id='word_1_133' title='bbox 720 1687 805 1739; x_wconf 88' lang='lat' dir='ltr'>cui</span> <span class='ocrx_word' id='word_1_134' title='bbox 842 1705 952 1740; x_wconf 90' lang='lat' dir='ltr'>non</span> <span class='ocrx_word' id='word_1_135' title='bbox 992 1690 1046 1740; x_wconf 92' lang='lat' dir='ltr'>et</span> <span class='ocrx_word' id='word_1_136' title='bbox 1086 1688 1221 1739; x_wconf 87' lang='lat' dir='ltr'>scire</span> <span class='ocrx_word' id='word_1_137' title='bbox 1260 1686 1480 1739; x_wconf 90' lang='lat' dir='ltr'>licentia</span> <span class='ocrx_word' id='word_1_138' title='bbox 1517 1685 1723 1754; x_wconf 86' lang='lat' dir='ltr'>passim</span> 
     </span>
    </p>

    <p class='ocr_par' dir='ltr' id='par_1_22' title="bbox 204 1759 1718 1829">
     <span class='ocr_line' id='line_1_23' title="bbox 204 1759 1718 1829; baseline -0.003 -13"><span class='ocrx_word' id='word_1_139' title='bbox 204 1763 279 1816; x_wconf 86' lang='lat' dir='ltr'>Et</span> <span class='ocrx_word' id='word_1_140' title='bbox 318 1763 517 1815; x_wconf 90' lang='lat' dir='ltr'>vidisse</span> <span class='ocrx_word' id='word_1_141' title='bbox 556 1761 698 1814; x_wconf 78' lang='lat' dir='ltr'>fuit?</span> <span class='ocrx_word' id='word_1_142' title='bbox 775 1759 963 1814; x_wconf 89' lang='lat' dir='ltr'>Novus</span> <span class='ocrx_word' id='word_1_143' title='bbox 1003 1761 1090 1814; x_wconf 88' lang='lat' dir='ltr'>his</span> <span class='ocrx_word' id='word_1_144' title='bbox 1131 1778 1291 1829; x_wconf 89' lang='lat' dir='ltr'>super</span> <span class='ocrx_word' id='word_1_145' title='bbox 1331 1760 1492 1813; x_wconf 88' lang='lat' dir='ltr'>anxia</span> <span class='ocrx_word' id='word_1_146' title='bbox 1530 1759 1718 1812; x_wconf 86' lang='lat' dir='ltr'>turbat</span> 
     </span>
    </p>

    <p class='ocr_par' dir='ltr' id='par_1_23' title="bbox 205 1832 1666 1903">
     <span class='ocr_line' id='line_1_24' title="bbox 205 1832 1666 1903; baseline -0.003 -13"><span class='ocrx_word' id='word_1_147' title='bbox 205 1836 382 1891; x_wconf 88' lang='lat' dir='ltr'>Corda</span> <span class='ocrx_word' id='word_1_148' title='bbox 420 1838 620 1888; x_wconf 85' lang='lat' dir='ltr'>metus:</span> <span class='ocrx_word' id='word_1_149' title='bbox 661 1835 867 1903; x_wconf 86' lang='lat' dir='ltr'>sparsis</span> <span class='ocrx_word' id='word_1_150' title='bbox 908 1835 1088 1887; x_wconf 89' lang='lat' dir='ltr'>subito</span> <span class='ocrx_word' id='word_1_151' title='bbox 1130 1837 1377 1903; x_wconf 88' lang='lat' dir='ltr'>correpta</span> <span class='ocrx_word' id='word_1_152' title='bbox 1415 1832 1666 1886; x_wconf 83' lang='lat' dir='ltr'>canistris</span> 
     </span>
    </p>

    <p class='ocr_par' dir='ltr' id='par_1_24' title="bbox 208 1907 1557 1978">
     <span class='ocr_line' id='line_1_25' title="bbox 208 1907 1557 1978; baseline -0.003 -15"><span class='ocrx_word' id='word_1_153' title='bbox 208 1909 488 1964; x_wconf 81' lang='lat' dir='ltr'>Silvestris</span> <span class='ocrx_word' id='word_1_154' title='bbox 526 1909 719 1978; x_wconf 82' lang='lat' dir='ltr'>regina</span> <span class='ocrx_word' id='word_1_155' title='bbox 759 1907 912 1961; x_wconf 89' lang='lat' dir='ltr'>chori</span> <span class='ocrx_word' id='word_1_156' title='bbox 954 1908 1194 1962; x_wconf 88' lang='lat' dir='ltr'>decurrit</span> <span class='ocrx_word' id='word_1_157' title='bbox 1231 1908 1288 1960; x_wconf 93' lang='lat' dir='ltr'>in</span> <span class='ocrx_word' id='word_1_158' title='bbox 1328 1925 1557 1976; x_wconf 90' lang='lat' dir='ltr'>aequum</span> 
     </span>
    </p>

    <p class='ocr_par' dir='ltr' id='par_1_25' title="bbox 203 1979 1901 2052">
     <span class='ocr_line' id='line_1_26' title="bbox 203 1979 1901 2052; baseline -0.001 -15"><span class='ocrx_word' id='word_1_159' title='bbox 203 1984 420 2037; x_wconf 89' lang='lat' dir='ltr'>Vertice</span> <span class='ocrx_word' id='word_1_160' title='bbox 462 1983 527 2036; x_wconf 91' lang='lat' dir='ltr'>ab</span> <span class='ocrx_word' id='word_1_161' title='bbox 569 1982 782 2052; x_wconf 82' lang='lat' dir='ltr'>Ogygio</span> <span class='ocrx_word' id='word_1_162' title='bbox 822 1982 1165 2051; x_wconf 81' lang='lat' dir='ltr'>trifidamque</span> <span class='ocrx_word' id='word_1_163' title='bbox 1204 1981 1309 2035; x_wconf 90' lang='lat' dir='ltr'>huc</span> <span class='ocrx_word' id='word_1_164' title='bbox 1347 1981 1526 2034; x_wconf 87' lang='lat' dir='ltr'>tristis</span> <span class='ocrx_word' id='word_1_165' title='bbox 1558 1983 1612 2032; x_wconf 91' lang='lat' dir='ltr'>et</span> <span class='ocrx_word' id='word_1_166' title='bbox 1642 1979 1773 2034; x_wconf 88' lang='lat' dir='ltr'>illuc</span> <span class='ocrx_word' id='word_1_167' title='bbox 1808 1992 1901 2035; x_wconf 68' lang='lat'>380</span> 
     </span>
    </p>

    <p class='ocr_par' dir='ltr' id='par_1_26' title="bbox 203 2054 1590 2126">
     <span class='ocr_line' id='line_1_27' title="bbox 203 2054 1590 2126; baseline -0.003 -16"><span class='ocrx_word' id='word_1_168' title='bbox 203 2058 429 2110; x_wconf 85' lang='lat' dir='ltr'>Lumine</span> <span class='ocrx_word' id='word_1_169' title='bbox 471 2057 765 2126; x_wconf 83' lang='lat' dir='ltr'>sanguineo</span> <span class='ocrx_word' id='word_1_170' title='bbox 806 2056 992 2124; x_wconf 92' lang='lat' dir='ltr'>pinum</span> <span class='ocrx_word' id='word_1_171' title='bbox 1033 2056 1264 2108; x_wconf 86' lang='lat' dir='ltr'>deiectat</span> <span class='ocrx_word' id='word_1_172' title='bbox 1304 2058 1359 2107; x_wconf 89' lang='lat' dir='ltr'>et</span> <span class='ocrx_word' id='word_1_173' title='bbox 1397 2054 1590 2106; x_wconf 88' lang='lat' dir='ltr'>ardens</span> 
     </span>
    </p>

    <p class='ocr_par' dir='ltr' id='par_1_27' title="bbox 202 2127 1596 2197">
     <span class='ocr_line' id='line_1_28' title="bbox 202 2127 1596 2197; baseline -0.004 -13"><span class='ocrx_word' id='word_1_174' title='bbox 202 2131 456 2184; x_wconf 85' lang='lat' dir='ltr'>Erectam</span> <span class='ocrx_word' id='word_1_175' title='bbox 498 2130 747 2183; x_wconf 90' lang='lat' dir='ltr'>attonitis</span> <span class='ocrx_word' id='word_1_176' title='bbox 786 2130 978 2197; x_wconf 90' lang='lat' dir='ltr'>implet</span> <span class='ocrx_word' id='word_1_177' title='bbox 1018 2128 1346 2181; x_wconf 87' lang='lat' dir='ltr'>clamoribus</span> <span class='ocrx_word' id='word_1_178' title='bbox 1386 2127 1596 2180; x_wconf 90' lang='lat' dir='ltr'>urbem:</span> 
     </span>
    </p>

    <p class='ocr_par' dir='ltr' id='par_1_28' title="bbox 205 2200 1610 2274">
     <span class='ocr_line' id='line_1_29' title="bbox 205 2200 1610 2274; baseline -0.004 -17"><span class='ocrx_word' id='word_1_179' title='bbox 205 2205 581 2274; x_wconf 72' lang='lat' dir='ltr'>‘Omnipotens</span> <span class='ocrx_word' id='word_1_180' title='bbox 621 2202 835 2271; x_wconf 86' lang='lat' dir='ltr'>Nysaee</span> <span class='ocrx_word' id='word_1_181' title='bbox 874 2205 1052 2270; x_wconf 86' lang='lat' dir='ltr'>pater,</span> <span class='ocrx_word' id='word_1_182' title='bbox 1091 2202 1175 2254; x_wconf 90' lang='lat' dir='ltr'>cui</span> <span class='ocrx_word' id='word_1_183' title='bbox 1215 2201 1390 2270; x_wconf 86' lang='lat' dir='ltr'>gentis</span> <span class='ocrx_word' id='word_1_184' title='bbox 1430 2200 1610 2253; x_wconf 85' lang='lat' dir='ltr'>avitae</span> 
     </span>
    </p>

    <p class='ocr_par' dir='ltr' id='par_1_29' title="bbox 203 2274 1764 2345">
     <span class='ocr_line' id='line_1_30' title="bbox 203 2274 1764 2345; baseline -0.002 -15"><span class='ocrx_word' id='word_1_185' title='bbox 203 2278 420 2330; x_wconf 90' lang='lat' dir='ltr'>Pridem</span> <span class='ocrx_word' id='word_1_186' title='bbox 461 2278 646 2345; x_wconf 88' lang='lat' dir='ltr'>lapsus</span> <span class='ocrx_word' id='word_1_187' title='bbox 689 2293 863 2343; x_wconf 89' lang='lat' dir='ltr'>amor,</span> <span class='ocrx_word' id='word_1_188' title='bbox 901 2279 962 2328; x_wconf 94' lang='lat' dir='ltr'>tu</span> <span class='ocrx_word' id='word_1_189' title='bbox 1001 2293 1142 2327; x_wconf 89' lang='lat' dir='ltr'>nunc</span> <span class='ocrx_word' id='word_1_190' title='bbox 1180 2274 1435 2327; x_wconf 89' lang='lat' dir='ltr'>horrente</span> <span class='ocrx_word' id='word_1_191' title='bbox 1476 2274 1574 2327; x_wconf 90' lang='lat' dir='ltr'>sub</span> <span class='ocrx_word' id='word_1_192' title='bbox 1614 2275 1764 2327; x_wconf 84' lang='lat' dir='ltr'>arcto</span> 
     </span>
    </p>
   </div>
   <div class='ocr_carea' id='block_1_4' title="bbox 349 2389 556 2396">
    <p class='ocr_par' dir='ltr' id='par_1_30' title="bbox 349 2389 556 2396">
     <span class='ocr_line' id='line_1_31' title="bbox 349 2389 556 2396; baseline 0 0"><span class='ocrx_word' id='word_1_193' title='bbox 349 2389 556 2396; x_wconf 95' lang='lat' dir='ltr'> </span> 
     </span>
    </p>
   </div>
   <div class='ocr_carea' id='block_1_5' title="bbox 324 2431 1965 2490">
    <p class='ocr_par' dir='ltr' id='par_1_31' title="bbox 324 2431 1965 2490">
     <span class='ocr_line' id='line_1_32' title="bbox 324 2431 1965 2490; baseline -0.001 -11"><span class='ocrx_word' id='word_1_194' title='bbox 324 2442 423 2481; x_wconf 87' lang='grc'><strong>373.</strong></span> <span class='ocrx_word' id='word_1_195' title='bbox 461 2434 1008 2479; x_wconf 65' lang='lat' dir='ltr'>‘Nuntiat—Plataeas?</span> <span class='ocrx_word' id='word_1_196' title='bbox 1045 2433 1216 2478; x_wconf 84' lang='lat' dir='ltr'>schol.</span> <span class='ocrx_word' id='word_1_197' title='bbox 1249 2432 1393 2477; x_wconf 89' lang='lat' dir='ltr'>Theb.</span> <span class='ocrx_word' id='word_1_198' title='bbox 1428 2432 1514 2477; x_wconf 87' lang='lat' dir='ltr'>VII</span> <span class='ocrx_word' id='word_1_199' title='bbox 1545 2437 1632 2478; x_wconf 82' lang='lat'>332</span> <span class='ocrx_word' id='word_1_200' title='bbox 1658 2446 1705 2490; x_wconf 88' lang='lat' dir='ltr'>p.</span> <span class='ocrx_word' id='word_1_201' title='bbox 1730 2436 1818 2478; x_wconf 79' lang='lat'>254</span> <span class='ocrx_word' id='word_1_202' title='bbox 1839 2431 1891 2479; x_wconf 86' lang='lat' dir='ltr'>L.</span> <span class='ocrx_word' id='word_1_203' title='bbox 1962 2444 1965 2447; x_wconf 49' lang='lat'>*</span> 
     </span>
    </p>
   </div>
   <div class='ocr_carea' id='block_1_6' title="bbox 201 2579 1890 2818">
    <p class='ocr_par' dir='ltr' id='par_1_32' title="bbox 201 2579 1890 2818">
     <span class='ocr_line' id='line_1_33' title="bbox 322 2579 1888 2639; baseline -0.004 -9"><span class='ocrx_word' id='word_1_204' title='bbox 322 2589 406 2630; x_wconf 88' lang='grc'>357</span> <span class='ocrx_word' id='word_1_205' title='bbox 447 2582 580 2639; x_wconf 83' lang='lat' dir='ltr'>lapsa</span> <span class='ocrx_word' id='word_1_206' title='bbox 620 2587 782 2636; x_wconf 82' lang='lat' dir='ltr'>PpGH</span> <span class='ocrx_word' id='word_1_207' title='bbox 812 2583 924 2628; x_wconf 70' lang='grc' dir='ltr'><em>Βοὴ.</em></span> <span class='ocrx_word' id='word_1_208' title='bbox 965 2587 996 2624; x_wconf 79' lang='grc' dir='ltr'><strong>Τ</strong></span> <span class='ocrx_word' id='word_1_209' title='bbox 1028 2582 1210 2637; x_wconf 72' lang='lat' dir='ltr'>Anytic.</span> <span class='ocrx_word' id='word_1_210' title='bbox 1247 2595 1286 2625; x_wconf 74' lang='grc' dir='ltr'>π</span> <span class='ocrx_word' id='word_1_211' title='bbox 1318 2580 1446 2624; x_wconf 83' lang='lat' dir='ltr'>lassa</span> <span class='ocrx_word' id='word_1_212' title='bbox 1475 2580 1631 2624; x_wconf 61' lang='lat' dir='ltr'>Bam</span> <span class='ocrx_word' id='word_1_213' title='bbox 1661 2579 1791 2625; x_wconf 79' lang='lat' dir='ltr'>laesa</span> <span class='ocrx_word' id='word_1_214' title='bbox 1819 2580 1888 2625; x_wconf 85' lang='lat' dir='ltr'>vel</span> 
     </span>
     <span class='ocr_line' id='line_1_34' title="bbox 201 2639 1889 2701; baseline -0.003 -13"><span class='ocrx_word' id='word_1_215' title='bbox 201 2643 338 2701; x_wconf 87' lang='lat' dir='ltr'>lapsa</span> <span class='ocrx_word' id='word_1_216' title='bbox 390 2641 692 2698; x_wconf 74' lang='lat' dir='ltr'>Wakefieldus</span> <span class='ocrx_word' id='word_1_217' title='bbox 747 2641 856 2686; x_wconf 85' lang='lat' dir='ltr'>laxa</span> <span class='ocrx_word' id='word_1_218' title='bbox 902 2640 1229 2688; x_wconf 76' lang='lat' dir='ltr'>Lachmannus</span> <span class='ocrx_word' id='word_1_219' title='bbox 1262 2641 1278 2696; x_wconf 79' lang='grc' dir='ltr'>Ι]</span> <span class='ocrx_word' id='word_1_220' title='bbox 1312 2645 1398 2684; x_wconf 85' lang='grc'>363</span> <span class='ocrx_word' id='word_1_221' title='bbox 1428 2654 1517 2698; x_wconf 75' lang='lat' dir='ltr'>sqq.</span> <span class='ocrx_word' id='word_1_222' title='bbox 1568 2640 1728 2684; x_wconf 84' lang='lat' dir='ltr'>Totam</span> <span class='ocrx_word' id='word_1_223' title='bbox 1767 2639 1889 2683; x_wconf 76' lang='lat' dir='ltr'>hamc</span> 
     </span>
     <span class='ocr_line' id='line_1_35' title="bbox 201 2697 1890 2761; baseline -0.003 -13"><span class='ocrx_word' id='word_1_224' title='bbox 201 2703 594 2761; x_wconf 69' lang='lat' dir='ltr'>comparationem,</span> <span class='ocrx_word' id='word_1_225' title='bbox 628 2715 729 2746; x_wconf 78' lang='lat' dir='ltr'>cum</span> <span class='ocrx_word' id='word_1_226' title='bbox 752 2702 895 2758; x_wconf 73' lang='lat' dir='ltr'>plane</span> <span class='ocrx_word' id='word_1_227' title='bbox 917 2701 1119 2758; x_wconf 75' lang='lat' dir='ltr'>pendeat</span> <span class='ocrx_word' id='word_1_228' title='bbox 1147 2700 1365 2756; x_wconf 77' lang='lat' dir='ltr'>nullaque</span> <span class='ocrx_word' id='word_1_229' title='bbox 1395 2713 1497 2744; x_wconf 82' lang='lat' dir='ltr'>owm</span> <span class='ocrx_word' id='word_1_230' title='bbox 1527 2699 1683 2744; x_wconf 77' lang='lat' dir='ltr'>ceteris</span> <span class='ocrx_word' id='word_1_231' title='bbox 1706 2697 1890 2744; x_wconf 72' lang='lat' dir='ltr'>ratione</span> 
     </span>
     <span class='ocr_line' id='line_1_36' title="bbox 202 2755 1887 2818; baseline -0.004 -11"><span class='ocrx_word' id='word_1_232' title='bbox 202 2763 450 2817; x_wconf 82' lang='lat' dir='ltr'>cohaereat,</span> <span class='ocrx_word' id='word_1_233' title='bbox 480 2761 825 2818; x_wconf 64' lang='lat' dir='ltr'>suppositiciam</span> <span class='ocrx_word' id='word_1_234' title='bbox 855 2774 945 2806; x_wconf 86' lang='lat' dir='ltr'>esse</span> <span class='ocrx_word' id='word_1_235' title='bbox 975 2762 1118 2805; x_wconf 75' lang='lat' dir='ltr'>censet</span> <span class='ocrx_word' id='word_1_236' title='bbox 1141 2757 1523 2813; x_wconf 75' lang='lat' dir='ltr'>Sandstroemius,</span> <span class='ocrx_word' id='word_1_237' title='bbox 1553 2755 1887 2804; x_wconf 71' lang='lat' dir='ltr'>eontraBaek·</span> 
     </span>
    </p>
   </div>
   <div class='ocr_carea' id='block_1_7' title="bbox 199 2814 1890 2933">
    <p class='ocr_par' dir='ltr' id='par_1_33' title="bbox 199 2814 1890 2933">
     <span class='ocr_line' id='line_1_37' title="bbox 199 2814 1888 2876; baseline -0.003 -12"><span class='ocrx_word' id='word_1_238' title='bbox 199 2823 381 2865; x_wconf 70' lang='lat' dir='ltr'>ren-sius</span> <span class='ocrx_word' id='word_1_239' title='bbox 395 2835 463 2865; x_wconf 84' lang='lat' dir='ltr'>vv.</span> <span class='ocrx_word' id='word_1_240' title='bbox 482 2821 657 2876; x_wconf 79' lang='lat' dir='ltr'>aliquot</span> <span class='ocrx_word' id='word_1_241' title='bbox 673 2823 779 2864; x_wconf 74' lang='lat' dir='ltr'>ante</span> <span class='ocrx_word' id='word_1_242' title='bbox 794 2823 886 2865; x_wconf 87' lang='lat'>363</span> <span class='ocrx_word' id='word_1_243' title='bbox 902 2819 1185 2864; x_wconf 69' lang='lat' dir='ltr'>intercidisse</span> <span class='ocrx_word' id='word_1_244' title='bbox 1192 2822 1332 2874; x_wconf 74' lang='lat' dir='ltr'>putat</span> <span class='ocrx_word' id='word_1_245' title='bbox 1355 2819 1370 2874; x_wconf 87' lang='grc' dir='ltr'>ΙΙ</span> <span class='ocrx_word' id='word_1_246' title='bbox 1394 2822 1480 2862; x_wconf 82' lang='grc'>364</span> <span class='ocrx_word' id='word_1_247' title='bbox 1494 2814 1702 2860; x_wconf 85' lang='lat' dir='ltr'>tabentis</span> <span class='ocrx_word' id='word_1_248' title='bbox 1718 2819 1752 2858; x_wconf 80' lang='lat' dir='ltr'>P</span> <span class='ocrx_word' id='word_1_249' title='bbox 1767 2815 1782 2872; x_wconf 78' lang='grc' dir='ltr'>Η</span> <span class='ocrx_word' id='word_1_250' title='bbox 1794 2818 1888 2860; x_wconf 74' lang='grc'><strong>-374</strong></span> 
     </span>
     <span class='ocr_line' id='line_1_38' title="bbox 205 2873 1890 2933; baseline -0.003 -11"><span class='ocrx_word' id='word_1_251' title='bbox 205 2879 371 2922; x_wconf 87' lang='lat' dir='ltr'>sudare</span> <span class='ocrx_word' id='word_1_252' title='bbox 396 2884 472 2921; x_wconf 82' lang='lat' dir='ltr'>PG</span> <span class='ocrx_word' id='word_1_253' title='bbox 499 2879 690 2922; x_wconf 83' lang='lat' dir='ltr'>sudasse</span> <span class='ocrx_word' id='word_1_254' title='bbox 714 2879 815 2920; x_wconf 82' lang='lat' dir='ltr'>BG2</span> <span class='ocrx_word' id='word_1_255' title='bbox 829 2884 871 2920; x_wconf 87' lang='grc' dir='ltr'><strong>Μ</strong></span> <span class='ocrx_word' id='word_1_256' title='bbox 896 2880 910 2933; x_wconf 66' lang='lat' dir='ltr'>{l</span> <span class='ocrx_word' id='word_1_257' title='bbox 935 2883 1019 2922; x_wconf 73' lang='lat'>376</span> <span class='ocrx_word' id='word_1_258' title='bbox 1047 2877 1118 2919; x_wconf 83' lang='lat' dir='ltr'>est</span> <span class='ocrx_word' id='word_1_259' title='bbox 1133 2880 1165 2918; x_wconf 91' lang='lat' dir='ltr'>B</span> <span class='ocrx_word' id='word_1_260' title='bbox 1179 2875 1287 2918; x_wconf 54' lang='lat' dir='ltr'>Gffm</span> <span class='ocrx_word' id='word_1_261' title='bbox 1310 2877 1323 2932; x_wconf 77' lang='grc' dir='ltr'>Η</span> <span class='ocrx_word' id='word_1_262' title='bbox 1349 2881 1434 2920; x_wconf 81' lang='grc'>378</span> <span class='ocrx_word' id='word_1_263' title='bbox 1459 2873 1642 2932; x_wconf 78' lang='lat' dir='ltr'>capillis</span> <span class='ocrx_word' id='word_1_264' title='bbox 1659 2873 1890 2926; x_wconf 69' lang='lat' dir='ltr'>Bar-thius</span> 
     </span>
    </p>
   </div>
   <div class='ocr_carea' id='block_1_8' title="bbox 270 2535 529 2543">
    <p class='ocr_par' dir='ltr' id='par_1_34' title="bbox 270 2535 529 2543">
     <span class='ocr_line' id='line_1_39' title="bbox 270 2535 529 2543; baseline 0 0"><span class='ocrx_word' id='word_1_265' title='bbox 270 2535 529 2543; x_wconf 95' lang='lat' dir='ltr'> </span> 
     </span>
    </p>
   </div>
   <div class='ocr_carea' id='block_1_9' title="bbox 1752 3078 1780 3090">
    <p class='ocr_par' dir='ltr' id='par_1_35' title="bbox 1752 3078 1780 3090">
     <span class='ocr_line' id='line_1_40' title="bbox 1752 3078 1780 3090; baseline 0 0"><span class='ocrx_word' id='word_1_266' title='bbox 1752 3078 1780 3090; x_wconf 53' lang='lat' dir='ltr'>Q</span> 
     </span>
    </p>
   </div>
  </div>
 </body>
</html>
