2008 3198
674 192 1017 238 THEBAIDOS
1050 192 1159 237 LIB.
1193 193 1225 237 Ι.
1732 194 1797 246 11

112 314 400 369 Calcavere
441 314 640 368 oculos,
715 314 833 368 Iam
872 315 980 367 iam
1017 317 1140 368 rata
1179 317 1306 367 vota
1342 314 1540 383 tulisti,

111 389 242 442 Dire
283 389 465 442 senex!
504 407 746 442 meruere
784 391 934 459 tuae,
973 406 1213 441 meruere
1253 389 1509 441 tenebrae
1714 402 1800 442 240

111 461 359 516 Ultorem
401 481 616 531 sperare
655 463 855 517 Iovem.
931 461 1090 516 Nova
1131 463 1376 516 sontibus
1419 481 1569 516 arma

111 536 339 590 Iniciam
376 537 584 607 regnis,
623 539 905 606 totumque
946 555 978 589 a
1019 537 1186 607 stirpe
1225 537 1484 589 revellam

110 609 348 664 Exitiale
387 628 573 681 genus,
648 609 789 663 Belli
828 610 964 664 mihi
1005 611 1213 664 semina
1253 613 1411 663 sunto

111 685 380 739 Adrastus
421 702 572 738 socer
611 687 664 738 et
695 685 911 754 ‘superis
953 684 1203 737 adiuncta
1243 684 1479 737 sinistris

111 756 374 812 Conubia.
451 758 606 812 Hanc
647 759 812 812 etiam
850 758 1040 828 poenis
1080 758 1345 811 incessere
1386 761 1604 827 gentem
1712 771 1797 811 245

109 831 424 904 Decretum3
463 850 635 902 neque
675 836 817 885 enim
858 851 1052 886 arcano
1094 833 1158 885 de
1196 835 1414 903 pectore
1452 832 1621 886 fallax

109 905 372 960 Tantalus
413 909 468 959 et
507 925 697 960 saevae
735 907 899 976 periit
936 906 1135 960 iniuria
1173 905 1423 960 mensae.2

185 979 274 1033 Sic
312 982 467 1049 pater
507 981 863 1050 omnipotens.
938 980 1043 1034 Ast
1083 981 1166 1033 illi
1205 981 1389 1034 saucia
1427 980 1582 1033 dictis

112 1053 418 1107 Flammato
457 1073 676 1108 versans
715 1055 997 1124 inopinum
1037 1055 1198 1108 corde
1236 1055 1477 1108 dolorem

107 1127 263 1181 Talia
299 1128 442 1187 Iuno
473 1128 665 1182 refert:
705 1128 914 1198 ‘Mene‚
955 1147 986 1182 o
1026 1129 1320 1182 iustissime
1360 1129 1566 1197 divum,
1714 1143 1799 1183 250

113 1201 201 1254 Me
239 1202 386 1255 bello
427 1205 635 1256 certare
674 1202 865 1256 iubes?
906 1203 1034 1272 sciS‚
1075 1221 1286 1273 semper
1326 1206 1388 1255 ut
1428 1221 1576 1256 arces

109 1274 409 1344 Cyclopum
446 1277 737 1347 magnique
776 1277 1086 1330 Phoroneos
1121 1277 1310 1330 inclita
1349 1277 1495 1330 fama

109 1346 336 1419 Sceptra
373 1350 506 1403 viris
547 1351 846 1419 opibusque
885 1351 1086 1419 iuvem,
1125 1351 1253 1404 licet
1290 1351 1570 1420 improbus
1603 1352 1715 1404 illic

111 1420 408 1476 Custodem
444 1423 677 1477 Phariae
718 1442 906 1478 somno
947 1425 1162 1494 letoque
1201 1425 1457 1478 iuvencae

113 1495 449 1567 Extinguas,
490 1497 690 1567 saeptis
731 1500 786 1550 et
821 1498 1065 1551 turribus
1106 1516 1298 1551 aureus
1338 1499 1522 1552 intres.
1711 1512 1795 1552 255

109 1568 356 1623 Mentitis
397 1571 621 1642 ignosco
660 1571 820 1624 toris:
859 1572 1011 1624 illam
1052 1572 1278 1625 odimus,
1303 1572 1515 1641 urbem,

107 1642 281 1706 Quam
319 1645 475 1698 vultu
514 1644 790 1698 confessus
831 1646 969 1714 adis,
1008 1646 1102 1698 ubi
1141 1646 1352 1698 conscia
1391 1647 1575 1716 magni

107 1715 275 1787 Signa
312 1719 421 1771 tori
458 1719 695 1772 tonitrus
736 1719 854 1789 agis
895 1723 949 1772 et
987 1737 1107 1772 mea
1145 1719 1372 1772 fulmina
1410 1723 1649 1789 torques.

106 1790 275 1845 Facta
313 1792 469 1845 luant
507 1793 746 1845 Thebae:
785 1811 879 1846 cur
916 1793 1102 1846 hostes
1143 1794 1298 1863 eligis
1340 1794 1559 1863 Argos?

107 1865 252 1928 Quin
291 1882 414 1935 age,
456 1867 502 1919 si
540 1869 697 1919 tanta
737 1870 820 1920 est
857 1867 1088 1920 thalami
1128 1867 1396 1920 discordia
1438 1868 1632 1937 sancti,
1711 1881 1797 1923 260

104 1938 180 1992 Et
220 1938 420 1993 Samon
461 1943 516 1992 et
554 1942 762 1994 veteres
803 1941 969 1993 armis
1010 1941 1228 1994 excinde
1268 1941 1544 2010 MycenaS‚

105 2011 275 2066 Verte
315 2013 432 2066 solo
474 2011 720 2083 Sparten.
790 2013 899 2067 Cur
937 2033 1167 2084 usquam
1209 2015 1471 2083 sanguine
1513 2016 1653 2068 festo

106 2085 365 2156 Coniugis
406 2106 501 2140 ara
538 2091 687 2156 tuae,
728 2088 943 2153 cumulo
985 2107 1076 2141 cur
1114 2089 1250 2141 turis
1289 2089 1394 2141 Eoi

106 2159 277 2214 Laeta
315 2161 494 2214 calet?
556 2161 752 2215 Melius
793 2163 932 2216 votis
973 2162 1269 2216 Mareotica
1307 2163 1483 2215 fumat

13 2254 15 2259 ¹
105 2231 310 2303 Coptos
350 2237 405 2287 et
442 2235 676 2288 acrisoni
714 2236 960 2306 lugentia
998 2237 1221 2290 flumina
1259 2236 1387 2291 Nili.
1709 2251 1793 2290 265

227 2405 314 2445 245
340 2416 405 2457 sq.
442 2402 582 2446 ‘hanc
611 2429 661 2434 —
688 2402 922 2447 decretum
958 2404 1055 2447 est’
1091 2403 1373 2460 Eutyches
1407 2406 1481 2450 lib.
1515 2405 1582 2448 II
1599 2419 1648 2462 p.
1683 2409 1796 2459 482,

104 2461 171 2503 29
201 2459 255 2503 K.
283 2485 337 2493 -
364 2465 463 2505 258.
492 2461 712 2505 ‘tonitrus
739 2488 793 2494 —-
818 2463 1026 2518 torques’
1056 2462 1206 2508 Serv.
1231 2465 1293 2508 ad
1314 2464 1429 2508 Ae‘n.
1466 2464 1509 2507 V
1528 2468 1620 2509 694
1638 2469 1798 2520 poetae

105 2519 287 2563 nomine
326 2521 498 2564 omisso.
535 2546 589 2553 —
626 2525 726 2566 264.
763 2519 1046 2566 ‘Mareotica
1084 2521 1258 2566 fumat'
1293 2522 1492 2568 Acron.
1534 2522 1595 2567 ad
1633 2523 1793 2567 Horat.

40 2579 42 2581 '
106 2588 247 2621 carm.
280 2577 299 2620 Ι
332 2583 403 2634 37,
439 2583 504 2623 14.

225 2735 313 2776 244
360 2732 421 2776 ah
475 2731 635 2778 iuncta
682 2734 1010 2780 Lachmannus
1058 2737 1189 2792 prob.
1238 2735 1460 2781 Muellero
1514 2737 1589 2780 sat
1634 2735 1796 2779 iuncta

108 2788 415 2836 Baehrensius
437 2793 452 2848 u
476 2797 562 2836 246
594 2791 844 2838 Decretum
875 2796 947 2838 est
978 2798 1060 2837 ΤΗ
1084 2795 1316 2853 Eutyches
1343 2798 1350 2850 Ι
1378 2794 1537 2838 arcani
1561 2795 1791 2839 Baehren-

109 2849 205 2893 εἰπε
226 2851 243 2906 ΙΙ
266 2854 352 2894 255
383 2849 643 2908 Extinguas
667 2855 699 2894 P
730 2854 827 2898 edd.
860 2858 960 2898 vett.
994 2852 1277 2911 Restinguas
1309 2858 1410 2897 Ber
1434 2854 1543 2898 Βοὴ.
1570 2857 1596 2896 b
1621 2854 1752 2899 schol.
1780 2855 1793 2886 Υ

107 2910 194 2952 257
225 2908 408 2954 vultum
438 2909 748 2956 Baehrensius
781 2914 796 2969 ss
827 2917 912 2957 260
944 2913 1068 2957 tanti
1101 2913 1358 2958 Gronovius
1382 2915 1397 2968 11
1422 2917 1509 2957 264
1540 2912 1724 2967 fumant
1753 2917 1786 2955 P
