2008 3198
223 185 331 238 114
771 184 840 236 ,Ρ.
871 184 1100 230 PAPINII
1131 185 1324 231 STATII

219 306 285 360 In
324 307 536 361 vultum
575 307 754 359 nitens
763 348 778 376 ‚
817 325 999 361 caram
1037 306 1198 360 modo
1231 307 1391 360 lactis
1430 325 1598 378 egeno

217 379 503 434 Nutricem
541 381 808 450 plangore
847 381 992 434 ciens
1031 380 1335 450 iterumque
1372 382 1622 437 renidens

216 454 292 509 Et
328 455 529 508 teneris
568 454 834 508 meditans
873 454 1040 508 verba
1077 454 1403 508 inluctantia
1439 455 1606 511 labris

215 527 446 582 Miratur
482 545 766 582 nemorum
805 528 1066 597 strepitus
1106 529 1199 581 aut
1238 528 1400 582 obvia
1439 531 1613 599 carpit
1820 538 1909 587 Ῑ’190

214 601 329 655 Aut
366 602 556 672 patulo
595 602 768 655 trahit
807 621 899 656 ore
938 602 1079 655 diem
1118 602 1435 671 nemorique
1472 603 1740 658 malorum

213 675 422 730 Inscius
463 679 518 730 et
554 676 701 729 vitae
740 676 974 728 multum
1014 693 1231 729 securus
1270 676 1491 730 inerrat.

215 747 302 802 Sic
340 754 495 804 tener
533 748 763 819 Odrysia
800 749 1019 803 Mavors
1058 749 1205 819 nive,
1246 751 1323 803 sic
1360 769 1496 820 puer
1534 751 1646 804 ales

212 822 432 878 Vertice
471 823 767 893 Maenalio,
805 824 934 877 talis
972 841 1069 892 per
1107 823 1272 876 litora
1308 827 1531 893 reptans

211 895 500 967 Improbus
543 897 807 967 Ortygiae
847 897 992 951 latus
1031 897 1330 951 inclinabat
1367 896 1582 967 Apollo,
1819 912 1906 955 795

285 971 375 1024 Illi
412 989 508 1041 per
546 971 734 1024 dumos
775 974 830 1024 et
869 989 1039 1040 opaca
1077 971 1376 1025 virentibus
1415 972 1650 1026 umbris·

209 1043 385 1099 Devia
423 1064 551 1114 pars
591 1045 839 1115 cingunt,
878 1063 1004 1114 pars
1046 1047 1166 1097 arta
1203 1045 1360 1114 plebe
1401 1049 1698 1115 sequuntur

214 1119 694 1188 praecelerantque
733 1119 936 1172 ducem.
999 1117 1235 1171 Medium
1273 1119 1422 1172 subit
1453 1120 1551 1173 illa
1581 1138 1679 1190 per
1709 1136 1906 1191 agmen

207 1191 336 1246 Non
373 1193 568 1246 humili
605 1193 807 1246 festina
846 1192 1027 1258 mod03
1069 1193 1283 1262 iamque
1323 1211 1480 1246 amne
1518 1193 1826 1264 propinquo

207 1265 393 1320 Rauca
433 1270 591 1321 sonat
630 1267 817 1336 vallis,
857 1283 1215 1336 saxosumque
1254 1267 1473 1336 impulit
1510 1285 1665 1321 aures
1815 1281 1903 1323 800

205 1339 474 1394 Murmur:
514 1341 592 1394 ibi
631 1341 881 1394 exultans
922 1340 1225 1393 conclamat
1265 1341 1333 1393 ab
1375 1341 1594 1409 agmine
1631 1341 1841 1412 primus

206 1412 359 1468 Sicut
398 1417 515 1468 erat
553 1415 763 1469 levibus
802 1414 1004 1468 tollens
1050 1413 1249 1467 vexilla
1287 1414 1544 1483 maniplis

205 1486 388 1559 Argus
431 1488 679 1559 ‘aquael'
719 1489 1023 1558 longusque
1061 1488 1236 1541 virum
1277 1506 1438 1557 super
1477 1506 1572 1542 ora
1609 1488 1845 1543 cucurrit

206 1562 427 1616 Clamor
467 1561 714 1632 ‘aquael'
773 1561 861 1615 Sic
899 1561 1177 1615 Ambracii
1214 1580 1311 1631 per
1350 1562 1513 1616 litora
1551 1562 1709 1632 ponti

203 1636 470 1690 Nauticus
509 1637 568 1689 in
606 1636 769 1689 remis
808 1637 1064 1689 iuvenum
1104 1638 1442 1689 monstrante
1482 1637 1748 1706 magistro
1809 1648 1898 1692 80⁶

201 1709 293 1763 Fit
333 1728 496 1763 sonus
537 1710 699 1779 inque
738 1710 910 1762 vicem
949 1712 1140 1762 contra
1177 1727 1436 1777 percussa
1473 1710 1735 1763 reclamat

202 1782 392 1854 Terra,
433 1785 699 1837 salutatus
740 1801 862 1836 cum
901 1782 1150 1835 Leucada
1188 1782 1380 1851 pandit
1418 1782 1637 1852 Apollo,

200 1855 498 1911 Incubuere
536 1857 689 1911 vadis
728 1857 935 1927 passim
974 1856 1283 1910 discrimine
1322 1857 1474 1910 nullo
1634 1926 1638 1930 ι

201 1930 384 1985 Turba
423 1931 587 1985 simul
625 1931 913 2000 primique,
952 1930 1142 2000 nequit
1182 1948 1456 1984 secernere
1495 1928 1698 1984 mixtos

199 2004 390 2075 Aequa
429 2005 575 2074 sitis,
614 2005 826 2058 frenata
865 2005 975 2057 suis
1015 2005 1071 2057 in
1110 2005 1356 2058 curribus
1395 2005 1607 2057 intrant
1805 2016 1893 2059 810

198 2079 488 2149 Armenta,
528 2082 582 2132 et
620 2079 770 2146 pleni
809 2078 1042 2131 dominis
1083 2079 1356 2147 armisque
1394 2078 1640 2131 feruntur

199 2153 590 2223 Quadripedes3
628 2153 729 2205 hos
767 2153 927 2204 turbo
967 2170 1155 2220 rapu,
1195 2152 1296 2204 hos
1336 2152 1546 2204 lubrica
1583 2151 1785 2205 fallunt

198 2225 361 2292 Saxa,
400 2245 500 2279 nec
539 2225 829 2295 implicitos
861 2226 1025 2277 fluvio
1065 2225 1368 2277 reverentia
1406 2242 1561 2294 reges

195 2299 481 2353 Proterere
521 2302 615 2352 aut
654 2298 904 2351 mersisse
943 2298 1081 2351 vado
1122 2298 1411 2351 clamantis
1454 2298 1615 2351 amici

196 2373 317 2427 Ora.
380 2372 640 2426 Fremunt
678 2372 873 2442 undae,
910 2372 1215 2442 longusque
1248 2390 1280 2424 a
1310 2371 1553 2425 fontibus
1593 2371 1767 2426 amnis
1799 2383 1888 2426 815

315 2553 400 2595 '187
432 2562 607 2607 egenus
639 2549 998 2596 Friesemannus
1034 2550 1050 2606 ΙΙ
1090 2551 1174 2592 Ι788
1206 2547 1427 2604 clangore
1458 2551 1586 2590 PBH
1617 2546 1821 2591 clamore
1851 2549 1889 2590 G

191 2609 328 2664 Beh.;
360 2622 473 2655 corr.
520 2609 829 2655 Baehfrensius
874 2620 1047 2665 vagore
1100 2606 1403 2662 Wakefieldus
1447 2608 1463 2663 ΙΙ
1510 2610 1595 2651 ’189
1627 2604 1886 2650 eluctantis·

200 2669 499 2726 Wopkensius
521 2670 536 2724 ΙΙ
563 2673 648 2714 797
674 2668 774 2712 alta
795 2673 827 2711 1³
856 2670 861 2723 ι
891 2667 1108 2711 secuntur
1130 2669 1196 2708 Be
1219 2667 1234 2722 ΙΙ
1261 2670 1344 2710 799
1370 2678 1506 2709 omne
1529 2670 1563 2708 1²
1583 2666 1601 2721 11
1624 2668 1711 2709 803
1738 2662 1884 2709 Arcas

192 2732 259 2782 Pp
298 2729 452 2786 Argas
483 2743 507 2771 r
537 2726 713 2771 Archas
755 2732 789 2770 G
827 2729 843 2784 ss
880 2731 967 2771 810
997 2727 1047 2770 in
1081 2725 1293 2769 cursibus
1325 2728 1358 2767 B
1400 2739 1475 2781 pr.
1509 2738 1565 2768 m.
1597 2723 1708 2768 Bel».
1737 2722 1825 2766 πδ
1848 2725 1884 2765 G

192 2800 248 2830 m.
290 2801 366 2844 pr.
398 2785 660 2833 incursibus
691 2802 714 2829 r
755 2787 961 2845 U‘nye‘rus
998 2786 1013 2842 ΙΙ
1051 2789 1136 2829 812
1178 2783 1497 2840 Quadripedes
1535 2786 1637 2826 Brb
1675 2780 1884 2834 Quadru-

190 2845 335 2901 pedes
379 2851 466 2889 ΡΜ
511 2846 567 2901 cf.
618 2845 725 2888 VII
759 2850 849 2890 109
904 2845 1033 2901 Very.
1085 2843 1199 2888 Aen.
1251 2843 1329 2887 XI
1366 2846 1455 2888 714
1494 2841 1632 2887 Ribb.
1680 2841 1881 2897 proleyq.

183 2917 233 2961 p.
266 2908 353 2950 451
383 2907 390 2961 1
417 2905 556 2949 turba
584 2908 859 2947 Prcsrbon
887 2904 1027 2949 Behh.
1470 2920 1473 2924 ·

1975 2975 2008 3198 fflu'ffisaessffl
