2028 3190
720 656 786 715 P.
835 657 1143 719 PAPINII
1191 658 1455 719 STATII

640 788 1520 872 THEBAIDOS

873 965 1155 1019 LIBER
1206 966 1300 1020 XI.

311 1183 611 1255 Postquam
649 1187 1030 1256 magnanimus
1070 1188 1241 1241 furias
1281 1187 1498 1242 virtutis
1537 1188 1755 1258 iniquae

238 1255 590 1328 Consumpsit
630 1258 928 1329 Capaneus·
958 1262 1330 1332 expiravitque
1368 1265 1647 1331 receptum

234 1331 490 1403 Fulmen,
531 1337 586 1387 et
625 1334 692 1387 ad
731 1338 906 1388 terras
944 1336 1108 1405 longe
1150 1336 1412 1389 comitata
1451 1336 1731 1390 cadentem

239 1405 491 1477 Signavit
528 1425 712 1462 muros
751 1408 962 1463 ultricis
1003 1410 1197 1463 semita
1236 1410 1510 1464 flammae:

237 1479 530 1550 Componit
568 1482 756 1536 dextra
794 1483 968 1537 victor
1007 1502 1269 1538 concussa
1306 1485 1595 1555 plagarum
1900 1497 1928 1539 5

239 1554 486 1624 Iuppiter
526 1558 580 1608 et
618 1557 773 1609 vultu
813 1558 1128 1627 caelumque
1170 1558 1417 1628 diemque
1457 1558 1680 1613 reducit.

238 1628 540 1682 Gratantur
580 1632 781 1699 superi,
819 1630 1087 1701 Phlegrae
1128 1650 1224 1685 ceu
1261 1631 1436 1685 fessus
1477 1631 1696 1685 anhelet

238 1702 454 1756 Proelia
493 1707 547 1756 et
583 1703 856 1758 Encelado
895 1705 1194 1758 fumantem
1232 1706 1571 1775 impresserit
1609 1705 1861 1761 Aetnam.

235 1775 337 1830 Ille
376 1778 517 1831 iacet
555 1778 767 1831 lacerae
807 1780 1116 1849 complexus
1154 1780 1430 1850 fragmina
1466 1780 1656 1848 turriS,

239 1850 447 1904 Torvus
489 1851 662 1905 adhuc
701 1853 821 1906 visu
861 1854 1316 1923 memorandaque
1348 1854 1494 1907 facta
1524 1853 1832 1924 relinquens
1875 1867 1930 1908 10

236 1925 503 1978 Gentibus
544 1929 707 1995 atque
745 1927 854 1996 ipsi
891 1946 1002 1981 non
1039 1927 1321 1981 inlaudata
1357 1927 1605 1982 Tonanti.

236 1999 482 2063 Quantus
522 1999 845 2069 Apollineae
884 2005 1180 2055 temerator
1217 2002 1410 2055 matris
1449 2001 1666 2055 Averno

234 2072 518 2144 Tenditur3
547 2073 710 2144 *ipsae
747 2075 994 2144 horrent,
1034 2076 1081 2128 si
1121 2076 1334 2144 quando
1373 2078 1592 2143 pectore
1632 2075 1700 2128 ab
1741 2075 1852 2128 alto

232 2146 564 2218 Emergunt,
603 2149 847 2201 volucres
888 2149 1254 2217 immensaque
1294 2149 1537 2202 membra
1573 2148 1797 2201 iacentis

235 2219 516 2290 Spectant,
556 2221 682 2274 dum
721 2222 948 2274 miserae
989 2225 1234 2275 crescunt
1271 2222 1329 2274 in
1366 2221 1569 2292 pabula
1605 2221 1795 2275 fibrae:
1869 2234 1924 2276 15

234 2292 323 2347 Sic
363 2297 556 2364 gravat
595 2294 821 2347 iniectus
860 2298 1034 2348 terras
1074 2295 1404 2365 hostiliaque
1442 2295 1555 2349 urit

235 2369 385 2421 Arva
424 2375 477 2421 et
516 2367 863 2421 anhelantem
904 2370 1122 2422 caelesti
1162 2370 1418 2439 sulphure
1457 2387 1720 2438 campum.

234 2441 529 2512 Respirant
567 2441 809 2512 Thebae,
846 2443 1167 2513 templisque
1206 2443 1440 2497 iacentia
1480 2446 1710 2513 surgunt

234 2515 495 2588 Agmina3
533 2515 643 2568 iam
681 2515 804 2569 finis
843 2518 999 2570 votis-
1023 2517 1252 2586 finisque
1291 2518 1558 2587 supremis

236 2590 584 2659 PlanctibuS,
625 2592 678 2642 et
714 2593 873 2643 natos
915 2609 1076 2644 ausae
1117 2591 1383 2661 deponere
1423 2596 1638 2644 matres,
1863 2602 1923 2643 20
2022 2652 2023 2655 Ἴ

356 2725 427 2765 20.
463 2721 576 2764 ‘nec
606 2719 744 2763 natos
776 2745 835 2752 —
865 2721 1068 2765 matres'
1106 2720 1253 2766 Serv.
1286 2720 1349 2765 ad
1379 2722 1493 2767 Aen.
1525 2719 1612 2765 VII
1643 2721 1742 2764 518.

357 2843 383 2882 2
430 2836 776 2895 exspirauitque
817 2842 849 2879 P
885 2839 900 2894 fl
942 2843 992 2881 11
1042 2837 1319 2883 illaudanda
1355 2837 1466 2883 Βοὴ.
1507 2836 1732 2881 Heinsius
1768 2849 1792 2882 e
1821 2837 1917 2882 eod.
2015 2828 2025 2853 Τ

238 2896 420 2954 Anqlic.
445 2899 461 2954 ΙΙ
488 2902 540 2941 15
574 2896 889 2953 Spectandum
919 2896 1116 2941 miserae
1147 2899 1298 2954 P1120
1328 2910 1414 2940 nec
1444 2897 1580 2939 natos
1613 2894 1733 2941 Serv.
