2008 3198
209 166 282 219 54
783 165 832 211 P.
865 165 1093 210 PAPINII
1124 165 1322 211 STATII

209 285 452 340 Dixerat.
526 286 628 340 Ille
666 286 805 339 nihil
846 288 1056 340 vultum
1095 290 1336 341 mutatus
1376 287 1583 342 ‘inanes
1810 298 1906 344 655

210 360 418 414 Perdis'
461 361 538 415 ait
578 360 875 431 ‘lacrimas7
915 364 970 414 et
1008 365 1093 431 tu,
1129 362 1188 414 ni
1226 361 1412 431 fallor,
1449 362 1636 432 iniquo

208 433 490 488 Pollicitus
531 453 651 487 mea
690 435 827 488 colla
866 435 1009 488 duci:
1047 453 1189 488 nunc
1229 454 1378 488 arma
1417 436 1661 506 diemque

207 508 417 578 Proice3
463 508 592 578 quid
629 508 850 561 timidae
891 510 1131 579 sequeris
1165 510 1482 579 compendia
1519 509 1700 564 vitae?

208 582 367 635 Bella
398 582 654 636 manent?
712 581 886 636 Simul
909 583 1066 650 haec,
1101 586 1155 636 et
1179 601 1420 637 crassum
1445 584 1706 655 sanguine
1729 585 1899 638 telum

206 655 324 710 Iam
362 657 525 725 redit3
565 657 657 709 ille
699 675 858 725 super
897 657 1055 710 dictis
1095 657 1339 710 infensus
1380 657 1579 712 amaris
1813 671 1899 713 660

208 728 561 800 Prosequitur
601 731 795 784 victos:
838 729 983 784 ‘Non
1021 732 1156 785 haec
1193 732 1467 785 trieterica
1504 732 1660 786 vobis

209 803 336 858 Nox
375 805 555 874 patrio
596 805 660 857 de
699 823 847 858 more
886 806 1057 875 venit,
1097 823 1208 859 non
1248 806 1402 875 orgia
1441 805 1633 859 Cadmi

210 877 445 932 Cernitis
486 882 580 932 aut
619 879 802 932 avidas
842 877 1115 933 Bacchum
1156 880 1416 933 scelerare
1453 884 1722 948 parentes.

207 952 477 1006 Nebridas
519 958 574 1006 et
611 953 831 1022 fragiles
871 954 1088 1023 thyrsos
1127 956 1346 1022 portare
1384 955 1620 1023 putastis

208 1026 492 1080 Imbellem
534 1026 602 1080 ad
641 1028 878 1080 sonitum
916 1029 1265 1097 maribusque
1304 1029 1586 1098 incognita
1623 1028 1765 1082 veris
1813 1041 1898 1083 665

207 1100 389 1154 Foeda
429 1100 731 1154 Celaenaea
770 1102 1107 1155 committere
1146 1102 1355 1171 proelia
1395 1102 1573 1155 buxo?

211 1174 318 1228 Hic
359 1175 496 1228 aliae
538 1176 747 1245 caedes,
789 1176 926 1228 alius
966 1176 1137 1229 furor:
1178 1177 1252 1229 ite
1293 1176 1392 1229 sub
1434 1177 1678 1246 umbras,

210 1248 255 1301 O
295 1249 473 1302 timidi
512 1249 819 1319 pauciquel'
859 1250 1009 1302 Haec
1048 1250 1284 1321 intonat3
1325 1252 1411 1302 ast
1446 1254 1631 1304 tamen
1669 1250 1752 1303 1111

208 1322 457 1375 Membra
494 1327 719 1393 negant,
759 1325 1042 1393 lassusque
1080 1324 1209 1377 ferit
1246 1324 1560 1394 praecordia
1600 1325 1835 1395 sanguis,

207 1395 324 1449 Iam
366 1397 582 1450 sublata
621 1416 812 1451 manus
855 1416 1036 1451 cassos
1077 1398 1317 1452 defertur
1355 1399 1413 1451 in
1450 1399 1613 1467 ictus„
1813 1411 1900 1453 670

209 1470 538 1541 Tardatique
580 1472 800 1542 gradUS‚
841 1472 1072 1540 clipeum
1109 1491 1208 1525 nec
1249 1473 1480 1526 sustinet
1518 1473 1682 1526 umbo

206 1544 480 1598 Mutatum
519 1546 730 1615 spoliiS‚
771 1546 983 1615 gelidus
1023 1547 1166 1599 cadit
1204 1547 1376 1599 imber
1416 1547 1611 1600 anhelo

206 1619 452 1687 Pectore,
490 1623 619 1672 tunc
660 1620 833 1673 crines
874 1620 1223 1689 ardentiaque
1265 1639 1360 1674 ora
1400 1621 1636 1673 cruentis

205 1692 440 1746 Roribus
484 1696 535 1746 et
572 1696 750 1746 taetra
789 1694 1115 1747 morientum
1157 1695 1444 1763 aspargine
1484 1696 1728 1748 manant:

205 1766 283 1820 Ut
321 1767 405 1819 leo
417 1809 430 1835 ‚
469 1768 561 1836 qui
602 1768 805 1836 campis
846 1768 1008 1838 longe
1049 1769 1269 1822 custode
1308 1769 1498 1838 fugato
1810 1780 1896 1822 675

205 1839 477 1909 Massylas
519 1840 770 1910 depastus
812 1860 960 1911 oves,
1000 1842 1094 1895 ubi
1135 1843 1398 1912 sanguine
1439 1843 1609 1896 multo

208 1914 506 1967 Luxuriata
545 1915 715 1969 fames
757 1916 1041 1985 cervixque
1082 1920 1136 1969 et
1173 1917 1300 1969 tabe
1341 1920 1600 1986 gravatae

209 1987 512 2042 Consedere
552 1990 735 2058 iubae,
774 1990 964 2043 mediis
1004 1991 1062 2043 in
1103 1991 1355 2043 caedibus
1397 1993 1542 2043 astat

207 2061 409 2134 Aeger,
447 2063 604 2116 hians
646 2064 924 2132 victusque
966 2064 1126 2132 cibis;
1165 2082 1263 2116 nec
1302 2065 1414 2116 iam
1455 2064 1687 2132 amplius
1719 2063 1832 2117 irae

209 2135 567 2190 Crudescunt:
607 2140 821 2189 tantum
860 2138 1042 2190 vacuis
1081 2137 1212 2190 ferit
1252 2156 1377 2189 aera
1416 2137 1574 2190 malis
1808 2150 1894 2192 680

207 2209 500 2279 Molliaque
542 2211 712 2263 eiecta
752 2211 1012 2263 delambit
1050 2211 1251 2263 vellera
1289 2212 1490 2280 lingua.

284 2283 385 2335 Ille
427 2284 590 2336 etiam
631 2283 843 2337 Thebas
886 2285 1073 2352 spoliis
1115 2288 1170 2337 et
1210 2286 1470 2354 sanguine
1510 2284 1700 2353 plenus

206 2357 348 2410 Isset
387 2362 440 2410 et
481 2358 726 2410 attonitis
768 2377 884 2410 sese
922 2359 1227 2427 populoque
1267 2359 1494 2428 ducique

209 2431 550 2484 Ostentasset
590 2450 779 2502 ovam,
818 2432 875 2484 ni
914 2437 994 2500 tu,
1035 2433 1282 2485 Tritonia
1322 2433 1498 2501 virgO,

327 2596 412 2636 655
445 2591 579 2635 vultu
617 2596 681 2635 Pr
720 2592 830 2637 Belo.
866 2594 880 2648 ΙΙ
913 2597 996 2636 665
1029 2591 1338 2647 manibusque
1369 2596 1401 2634 1²
1432 2593 1447 2648 ΙΙ
1480 2597 1566 2637 671
1594 2606 1659 2648 sq.
1694 2591 1898 2649 clipeum

210 2665 307 2695 non
347 2649 559 2694 sustinet.
622 2649 775 2694 Umbo
822 2652 1030 2695 mutatur
1067 2651 1294 2695 Barthius
1332 2650 1533 2707 clipeum
1571 2664 1658 2695 nec
1697 2651 1898 2696 sustinet

210 2710 378 2754 umbra
410 2712 482 2766 (=
509 2707 631 2752 silva
662 2710 903 2766 telorum!)
944 2711 1176 2754 Mutatum
1207 2710 1348 2754 toties
1381 2711 1748 2755 b'andstroemius
1769 2711 1786 2767 ΙΙ
1809 2716 1895 2755 672

211 2770 474 2813 Nutantem
504 2768 833 2814 Lachmawnus
864 2769 1144 2813 Mulctatum
1171 2769 1446 2826 Madviyius
1469 2769 1625 2824 (umbo
1648 2768 1800 2812 Nutat
1822 2769 1898 2813 cui

211 2831 297 2884 sp.)
344 2828 420 2872 cui
466 2829 528 2873 ad
568 2826 771 2884 clipeum
808 2831 1006 2883 referens
1044 2828 1351 2872 Baehrensius
1385 2831 1401 2884 ΙΙ
1437 2834 1522 2873 674
1565 2829 1614 2871 et
1653 2829 1757 2871 atra
1793 2831 1897 2872 1³81·

211 2888 352 2942 atque
393 2889 496 2931 atra
528 2887 708 2944 Anqlic.
751 2889 799 2930 et
838 2888 1001 2931 crebra
1029 2888 1140 2932 Beh.
1170 2889 1176 2942 Ι
1203 2888 1396 2931 manent
1426 2891 1459 2929 Ρ
