2028 3190
657 162 1000 208 THEBAIDOS
1032 162 1143 207 LIB.
1175 161 1252 207 IX.
1694 160 1800 213 261

117 284 447 340 Maenalium
485 285 613 355 tibi,
651 303 839 354 parve,
878 302 1090 352 nemUS,
1128 301 1330 353 perque
1371 285 1529 336 antra
1568 281 1806 335 ferarum

116 360 223 415 Vix
261 363 411 413 tutae
452 359 566 412 sine
605 362 776 411 matre
815 358 956 428 viae,
998 358 1272 412 silvestria
1311 357 1459 422 cuius
1720 368 1806 410 720

116 433 372 488 Nondum
412 434 524 487 tela
561 451 763 502 procax
802 450 1090 502 arcumque
1130 432 1354 502 implere
1392 431 1628 485 valebas.

116 508 194 562 Et
228 525 370 561 nunc
407 507 506 561 illa
544 525 691 561 meas
723 508 998 576 ingentem
1037 506 1255 576 plangit
1295 505 1362 558 ad
1401 523 1523 559 aras

115 582 382 636 Invidiam
424 581 717 651 surdasque
755 581 897 634 fores
939 584 993 633 et
1031 579 1222 632 limina
1261 580 1455 633 lassat:

119 656 203 709 Tu
243 656 425 710 dulces
464 655 631 708 lituos
670 655 983 724 ululataque
1021 654 1231 723 proelia
1270 653 1473 723 gaudes

118 729 271 783 Felix
311 732 366 782 et
405 729 632 782 miserae
671 732 885 781 tantum
926 729 1187 781 moriture
1226 726 1474 796 parenti?
1725 736 1808 778 725

118 803 203 858 Ne
241 807 427 858 tamen
467 805 706 856 extremo
748 802 951 855 frustra
989 802 1271 855 morientis
1312 801 1507 855 honori

119 877 394 947 Adfuerit,
433 877 581 930 venit
620 877 678 929 in
716 877 922 930 medios
964 876 1194 947 caligine
1235 876 1390 929 furva

121 951 321 1021 Saepta
361 951 578 1021 globos,
615 951 955 1020 primumque
993 951 1140 1003 leves
1178 950 1358 1003 furata
1397 949 1631 1020 sagittas

119 1026 357 1079 Audacis
396 1028 550 1095 tergo
590 1025 744 1095 pueri
784 1025 1103 1078 caelestibus
1144 1024 1336 1093 implet

120 1098 363 1168 Coryton
401 1098 555 1168 telis,
593 1117 820 1168 quorum
861 1099 976 1151 sine
998 1093 1281 1168 ‘sanguine
1318 1098 1532 1150 nullum
1726 1109 1810 1149 730

120 1173 358 1242 Decidit3
398 1173 671 1227 ambrosio
711 1175 829 1225 tum
870 1173 1082 1242 spargit
1122 1172 1366 1225 membra
1404 1172 1640 1240 liquore,

122 1246 345 1316 Spargit
384 1265 603 1316 equum,
640 1264 708 1299 ne
749 1265 855 1316 quo
894 1246 1127 1300 violetur
1164 1247 1387 1299 vulnere
1427 1263 1622 1315 corpus

121 1321 267 1373 Ante
304 1338 513 1389 necem,
555 1323 852 1389 cantusque
894 1338 1077 1373 sacros
1118 1323 1172 1373 et
1211 1321 1426 1373 conscia
1464 1319 1657 1372 miscet

120 1393 424 1461 Murmura,
465 1394 684 1447 secretis
726 1411 862 1462 quae
903 1391 1189 1447 Colchidas
1228 1394 1349 1462 ipsa
1389 1394 1487 1446 sub
1530 1393 1700 1445 antris

121 1466 295 1522 Nocte
329 1467 484 1520 docet
511 1470 884 1536 monstratque
908 1466 1048 1520 feras
1075 1467 1459 1536 quaerentibus
1483 1466 1695 1519 herbas,
1729 1478 1812 1517 735

197 1541 346 1595 Tunc
384 1558 511 1594 vero
552 1543 737 1594 exerto
777 1541 1131 1594 circumvolat
1168 1541 1359 1611 igneus
1401 1559 1528 1594 arcu

121 1615 236 1669 Nec
278 1633 333 1668 se
371 1618 550 1668 mente
589 1616 730 1685 regit
767 1615 968 1684 patria,
1008 1615 1307 1684 matrisque
1347 1615 1548 1684 suique,

122 1689 438 1754 Immemor,
479 1691 534 1742 et
571 1689 799 1742 nimium
841 1689 1165 1742 caelestibus
1204 1690 1380 1742 utitur
1419 1689 1605 1741 armis:

122 1763 202 1818 Ut
238 1765 324 1817 leo
337 1805 350 1832 ,
390 1762 475 1816 cui
513 1781 682 1833 parvo
722 1766 898 1816 mater
938 1762 1172 1817 Gaetula
1211 1765 1462 1817 cruentos

126 1836 382 1907 Suggerit
419 1836 541 1905 ipsa
581 1836 752 1905 cibos,
793 1854 913 1889 cum
953 1838 1187 1905 primum
1227 1839 1466 1890 crescere
1508 1835 1677 1889 sensit
1729 1848 1814 1888 740

125 1909 284 1964 Colla
324 1909 465 1962 iubis
506 1913 802 1979 torvusque
841 1927 1013 1963 novos
1052 1910 1290 1979 respexit
1330 1910 1396 1962 ad
1435 1927 1666 1979 ungueS,

124 1983 446 2055 Indignatur
487 1983 583 2053 ali,
622 1983 945 2053 tandemque
986 1984 1186 2036 effusus
1227 1987 1443 2052 apertos

125 2058 287 2111 Liber
328 2059 476 2110 amat
516 2075 736 2127 campos
777 2060 832 2110 et
868 2057 1040 2110 nescit
1078 2058 1134 2110 in
1175 2060 1331 2110 antra
1370 2055 1585 2109 reverti.

126 2131 294 2202 Quos,
335 2148 458 2203 age,
498 2130 790 2185 Parrhasio
832 2131 1046 2200 sternis,
1090 2149 1223 2201 puer
1263 2131 1533 2200 improbe,
1574 2129 1776 2182 cornu?

125 2205 310 2259 Prima
348 2205 723 2275 Tanagraeum
761 2205 1004 2259 turbavit
1042 2205 1285 2258 harundo
1328 2203 1632 2258 Coroebum
1730 2216 1814 2256 745

125 2278 384 2332 Extremo
424 2280 610 2349 galeae
648 2280 928 2349 primoque
968 2280 1025 2332 in
1063 2279 1308 2349 margine
1347 2296 1567 2349 parmae

128 2352 379 2422 Angusta
416 2353 737 2407 transmissa
775 2354 885 2422 via,
925 2356 1035 2406 stat
1073 2353 1316 2406 faucibus
1358 2352 1500 2405 unda

129 2424 445 2496 SanguiniS,
486 2430 540 2479 et
580 2427 718 2480 sacri
755 2426 921 2480 facies
961 2427 1119 2480 rubet
1158 2428 1285 2498 igne
1325 2426 1534 2479 veneni.

129 2497 351 2553 Saevius
391 2498 678 2569 Eurytion,
719 2501 804 2553 cui
844 2501 1065 2554 luminis
1106 2501 1235 2554 orbe
1277 2500 1497 2553 sinistro

251 2649 335 2689 720
354 2657 459 2687 cum
475 2645 625 2688 matre
641 2645 866 2689 Barthius
888 2646 904 2701 ΙΙ
930 2649 1013 2689 725
1031 2645 1219 2689 tandem
1238 2650 1263 2688 S
1286 2647 1289 2703 1
1310 2644 1533 2689 morit-ure
1550 2648 1582 2685 P
1598 2643 1696 2687 edd.
1715 2646 1815 2686 vett.

129 2702 337 2761 periture
354 2707 477 2746 Bsn
499 2705 515 2759 ΙΙ
541 2708 623 2747 727
650 2702 785 2747 furva
808 2704 934 2748 Dcm.
965 2703 1154 2749 Grotius
1177 2703 1307 2749 fulva
1332 2705 1464 2749 ceteri
1483 2703 1607 2747 codd.
1634 2701 1731 2744 edd.
1757 2700 1814 2754 cf.

140 2762 280 2806 VIII
302 2766 360 2807 10
384 2763 399 2818 ΙΙ
424 2767 506 2806 731
532 2760 720 2805 Decidit
742 2766 863 2805 PBB
888 2762 1008 2807 Golb.
1034 2764 1132 2809 edd.
1156 2767 1257 2808 vett.
1281 2762 1459 2819 Effugit
1482 2765 1515 2803 B
1541 2773 1681 2816 mary.
1706 2760 1815 2815 81¹!

133 2825 216 2865 732
241 2819 444 2864 violetur
459 2825 491 2863 P
515 2821 768 2865 temeretur
792 2823 924 2866 ceteri
946 2823 961 2878 ΙΙ
986 2827 1068 2866 737
1093 2821 1250 2878 patria
1272 2827 1304 2865 P
1328 2820 1510 2878 patriae
1537 2819 1669 2863 ceteri
1690 2819 1706 2875 ΙΙ
1730 2821 1814 2861 741

131 2879 380 2936 torvosque
404 2884 437 2923 P
465 2881 471 2937 Ι
500 2892 677 2937 angues
701 2884 733 2922 P
756 2881 772 2937 ss
797 2884 880 2925 745
912 2879 1126 2924 turbabit
1149 2885 1181 2924 P
1209 2896 1280 2939 pr.
1307 2895 1362 2925 m.
1388 2883 1403 2936 ΙΙ
1429 2883 1511 2924 749
1546 2875 1760 2934 erythion
1783 2881 1816 2919 P
