2008 3198
1728 52 1730 54 ·
1778 51 1808 57 ν’
1863 42 2008 70 -.ῑ·->.”·’“Ϊ

197 201 304 254 118
774 201 821 246 Ρ.
854 200 1084 247 PAPINII
1116 202 1309 248 STATII

196 320 415 391 Stabat,
455 324 511 374 et
550 322 756 375 admoti
794 323 953 375 nixus
986 323 1261 392 Polynieis
1300 324 1359 376 in
1394 323 1634 379 hastam:

194 394 292 449 ‘At
321 399 527 464 tamen,
559 414 590 448 o
625 413 990 466 quaecumque
1022 395 1099 450 es'
1132 397 1224 466 ait,
1254 396 1376 466 ‘cui,
1413 398 1590 468 gloria
1615 402 1789 470 tanta,
1828 412 1886 454 20

195 468 459 523 Venimus
498 469 813 522 innumerae
852 469 1026 522 fatum
1066 470 1260 524 debere
1300 471 1548 525 cohortes

193 541 391 613 (Quem
429 561 541 596 non
578 543 694 612 ipse
735 544 892 596 deum
935 546 1084 597 sator
1123 548 1440 613 aspernetur
1477 545 1790 616 honorem):

191 616 294 670 Die
334 634 459 687 age⁷
501 618 713 687 quando
753 618 860 670 tuis
902 618 1106 670 alacres
1148 618 1463 672 absistimus
1502 619 1686 690 undis,

193 690 341 753 Quae
374 691 562 744 domus
598 695 691 743 aut
718 692 903 760 1611116,
935 692 1174 744 animam
1200 693 1395 761 quibus
1418 693 1666 748 hauseris
1690 693 1890 748 astris?

190 763 316 834 Die,
349 764 469 834 quis
496 769 550 818 et
566 765 660 817 ille
685 765 874 834 pater?
901 783 1072 834 neque
1092 765 1235 819 enim
1251 767 1357 819 tibi
1372 767 1597 821 numina
1613 768 1792 840 longe,
1831 779 1888 822 25

192 837 498 892 Transierit
534 838 754 891 fortuna
794 839 941 908 lieet,
982 839 1260 909 maiorque
1299 858 1396 908 per
1436 858 1531 894 ora

193 911 450 983 Sanguis,
491 915 544 965 et
585 912 800 966 adflicto
842 912 1015 981 spirat
1054 914 1356 966 reverentia
1393 913 1583 968 vultu?
1642 980 1649 987 ⁶

261 986 520 1056 Ingemit,
561 990 616 1039 et
653 987 878 1055 paulum
917 986 1049 1039 fletu
1089 990 1342 1040 cunctata
1382 987 1625 1042 modesto

189 1059 443 1113 Lemnias
486 1079 610 1113 orsa
648 1061 837 1113 refert:
879 1060 1164 1114 eImmania
1202 1061 1450 1131 vulnera,
1488 1064 1687 1128 rector,

189 1132 473 1204 Integrare
512 1135 688 1203 iubeS,
728 1134 918 1187 Furias
962 1138 1015 1187 et
1053 1134 1296 1188 Lemnon
1331 1138 1386 1188 et
1426 1136 1559 1188 artis
1829 1148 1887 1189 30

189 1207 364 1260 Arma
401 1209 608 1261 inserta
646 1208 782 1261 toris
824 1208 1232 1278 debellatosque
1272 1209 1522 1278 pudendo

187 1281 334 1335 Ense
373 1300 575 1351 mares3
616 1282 755 1335 redit
794 1299 913 1335 6666
953 1281 1105 1335 nefas
1146 1285 1201 1334 et
1237 1282 1438 1353 frigida
1478 1282 1626 1336 cordi

187 1354 466 1409 Eumenis.
529 1355 574 1409 O
606 1356 860 1426 miserae,
893 1355 1087 1425 quibus
1119 1355 1208 1409 hic
1238 1356 1389 1409 furor
1423 1356 1661 1410 additus!
1693 1374 1725 1410 ο
1756 1357 1886 1411 nox!

187 1428 234 1483 O
265 1430 444 1499 pater!
483 1430 582 1482 illa
622 1447 724 1500 ego
763 1448 912 1495 nam,
951 1429 1154 1499 pudeat
1190 1448 1258 1483 ne
1298 1430 1440 1484 forte
1478 1430 1745 1502 benignae

187 1501 462 1574 Hospitis,
502 1504 621 1572 illa,
660 1504 842 1570 duces,
883 1507 1099 1573 raptum
1140 1522 1274 1573 quae
1316 1504 1434 1557 sola
1472 1507 1753 1573 parentem
1830 1515 1886 1558 35

190 1576 432 1632 Occului.
510 1577 650 1640 Quid
689 1579 858 1647 longa
897 1578 1056 1631 malis
1097 1578 1318 1631 exordia
1357 1578 1554 1631 necto?

187 1650 266 1705 Et
304 1670 401 1705 vos
443 1670 597 1704 arma
636 1655 835 1704 vocant
874 1652 1164 1721 magnique
1203 1651 1262 1704 in
1301 1652 1458 1704 eorde
1499 1655 1740 1719 paratus·

189 1724 312 1778 Hoc
351 1743 679 1779 memorasse
720 1727 804 1778 sat
845 1728 947 1778 est:
990 1725 1133 1777 claro
1176 1728 1437 1795 generata
1475 1725 1723 1778 Thoante

188 1796 486 1853 Servitium
525 1798 831 1868 Hypsipyle
871 1798 1039 1851 vestri
1077 1798 1192 1851 fero
1232 1801 1392 1868 capta
1430 1797 1704 1869 Lycurgi?

263 1872 563 1926 Advertere
603 1872 836 1942 animOS‚
876 1873 1155 1942 maiorque
1196 1875 1250 1924 et
1287 1872 1498 1925 honora
1535 1871 1707 1926 videri
1830 1885 1889 1927 40

187 1946 404 2016 Parque
445 1946 597 2016 operi
635 1949 814 2015 tant03
856 1946 1065 2000 eunetis
1105 1949 1234 1999 111116
1272 1963 1495 1999 noscere
1536 1964 1691 1999 casus

190 2020 358 2075 Ortus
399 2039 573 2090 amor,
612 2023 771 2090 pater
811 2024 937 2073 ante
978 2020 1112 2073 alios
1152 2020 1405 2072 hortatur
1443 2019 1738 2073 Adrastus:

190 2093 384 2148 ‘Immo
425 2111 548 2164 age,
588 2094 714 2147 dum
753 2094 916 2163 primi
955 2094 1117 2163 longe
1158 2093 1347 2145 damus
1389 2095 1608 2162 agmina
1645 2092 1797 2163 vulgi

189 2167 306 2221 Nec
344 2168 520 2221 facilis
560 2166 770 2220 Nemea
808 2168 951 2219 latas
994 2167 1239 2219 evolvere
1279 2166 1447 2234 vires,
1503 2203 1507 2208 -

192 2240 405 2310 Quippe
444 2242 670 2294 obtenta
710 2240 877 2293 comis
919 2242 974 2292 et
1012 2239 1379 2292 ineluetabilis
1420 2239 1636 2308 umbra,
1829 2252 1888 2293 45

189 2314 376 2368 Pande
415 2314 567 2367 nefas
606 2313 901 2382 laudesque
940 2316 1063 2366 tuas
1104 2313 1443 2382 gemitusque
1482 2316 1723 2383 tuorum,

313 2450 369 2489 35
395 2458 461 2500 sq.
500 2444 706 2501 ‘raptum
731 2458 786 2477 -ὲ
813 2442 1015 2487 occului'
1050 2441 1323 2487 Priscian.
1365 2442 1409 2485 X
1433 2447 1472 2497 6,
1499 2447 1556 2487 34
1579 2457 1625 2500 p.
1652 2447 1738 2488 526
1754 2443 1812 2487 H.
1832 2468 1888 2476 —

197 2508 268 2549 39.
303 2502 567 2548 ‘servitium
601 2529 656 2535 —
688 2502 908 2560 Lycurgi'
946 2501 1117 2547 schol.
1153 2501 1299 2546 Theb.
1332 2501 1375 2546 V
1406 2506 1493 2546 498
1532 2517 1577 2559 p.
1619 2506 1702 2547 186
1741 2501 1790 2546 L.
1832 2527 1889 2535 —

196 2567 268 2608 44.
306 2563 411 2607 ‘nee
440 2561 596 2606 facilis
630 2589 684 2595 —
717 2561 860 2607 vires’
896 2560 1170 2606 Priscian.
1203 2561 1290 2605 VII
1322 2565 1363 2616 2,
1397 2565 1423 2605 ὅ
1456 2577 1500 2618 p.
1533 2566 1620 2606 287
1651 2560 1709 2606 Η.

312 2685 371 2726 20
416 2693 478 2738 sq.
527 2679 603 2723 eui
641 2693 684 2736 g.
730 2681 765 2723 t.
827 2679 1072 2735 Venimus,
1124 2677 1395 2723 innumerae
1444 2679 1492 2723 61
1536 2677 1695 2723 fantur
1739 2676 1889 2723 Samd·

197 2740 437 2786 stroemius
474 2737 571 2794 cui,
611 2738 763 2795 gloria
802 2739 960 2794 tanta,
1000 2736 1224 2782 Vovimus
1256 2737 1286 2781 i.
1318 2737 1481 2781 fanum
1521 2737 1774 2786 Muellerus
1812 2735 1891 2780 eui

199 2798 353 2854 gloria
398 2800 535 2843 tanta
581 2799 657 2854 (se.
704 2798 810 2854 est),
856 2797 927 2841 En
973 2796 1056 2841 uni
1103 2799 1178 2853 (sc.
1229 2796 1337 2854 tibi)
1385 2796 1652 2840 innumeras
1691 2794 1722 2838 f.
1764 2794 1807 2839 d.
1848 2809 1886 2839 6.

196 2858 506 2903 Baehsrensius
543 2858 559 2914 ΙΙ
597 2861 652 2902 23
694 2855 965 2900 absistimus
1005 2861 1038 2899 P
1069 2855 1337 2900 adsistimus
1378 2857 1511 2902 ceteri
1545 2856 1562 2912 ΙΙ
1600 2858 1657 2899 30
1698 2853 1814 2898 atris
1845 2857 1888 2897 E

197 2916 452 2962 Muellerus
475 2918 491 2973 ΙΙ
514 2921 569 2961 41
601 2915 727 2972 patri
756 2916 891 2960 tanto
922 2916 1192 2961 Koestliuus

1995 3040 2008 3198 mutuant-(A
2002 3026 2008 3030 .
2000 2941 2008 3012 ..μ-ι..
2000 2903 2008 2931 η..
2006 2883 2008 2886 .
