2028 3190
236 114 348 170 334
815 118 864 164 Ρ.
897 119 1125 164 ΡΑΡΙΝΠ
1155 119 1348 166 STATH

236 239 340 292 Iris
380 240 571 308 habet,
609 242 900 310 putresque
941 242 1151 294 arcanis
1192 242 1406 295 roribus
1447 245 1597 296 artus

235 313 665 382 Ambrosiaeque
704 314 848 383 rigat
889 316 1054 383 sucis,
1095 319 1156 368 ut
1195 315 1412 386 longius
1453 317 1673 370 obstent

235 386 644 456 Expectentque
676 405 869 457 rogum
896 392 950 441 et
974 389 1218 442 flammas
1243 407 1356 444 non
1378 392 1506 444 ante
1529 390 1797 445 fatiscant.
1839 406 1922 448 140

314 461 601 532 Squalidus
641 479 761 514 ecce
801 480 967 532 genas
1008 465 1063 515 et
1100 463 1249 516 inani
1289 464 1509 517 vulnere
1549 463 1759 533 pallens

237 535 476 605 Ornytus
517 533 630 606 (hic
671 535 816 589 socio
856 536 1096 590 desertus
1138 537 1207 590 ab
1248 538 1485 608 agmine,
1523 538 1705 592 tardat

233 609 407 680 Plaga
445 606 657 680 recens)
696 610 887 663 timido
929 614 1138 664 secreta
1175 630 1272 679 per
1311 613 1434 665 avia
1471 612 1617 666 furto

234 683 428 737 Debile
468 684 643 752 carpit
681 683 784 736 iter
822 684 1132 754 fractaeque
1170 685 1422 739 innititur
1460 686 1665 740 hastae.

233 757 393 828 Isque
433 758 528 810 ubi
566 760 718 810 mota
756 776 896 812 novo
937 760 1147 827 stupuit
1185 760 1303 813 loca
1344 761 1460 813 sola
1498 760 1737 814 tumultu
1836 774 1920 816 145

233 831 657 901 Femineumque
693 850 918 902 gregem
958 831 1121 904 (quae
1160 834 1271 886 iam
1313 853 1473 903 super
1505 835 1723 905 agmina
1753 834 1923 888 Lerne

238 905 365 959 Sola
404 904 594 975 videt),
634 924 744 959 non
783 907 875 959 ille
915 909 1060 961 viam
1100 926 1356 962 causasve
1394 908 1646 978 requirit,

235 980 443 1050 Quippe
483 983 693 1049 patent,
733 984 942 1034 maesto
984 981 1077 1035 sed
1117 982 1194 1035 sic
1232 982 1383 1051 prior
1421 985 1648 1051 occupat
1686 1001 1802 1037 ore:

235 1053 403 1122 εΩιιο,
443 1055 693 1122 miserae,
726 1072 830 1123 quo
870 1054 1024 1108 fertis
1064 1055 1205 1108 iter?
1245 1056 1475 1110 funusne
1513 1057 1808 1126 peremptis

238 1126 480 1197 Speratis
523 1127 860 1197 cineremque
899 1128 1068 1182 viris?
1109 1133 1219 1182 stat
1255 1130 1490 1200 pervigil
1529 1130 1638 1183 illic
1836 1144 1920 1184 150

234 1201 566 1256 Umbrarum
606 1204 788 1255 custos
828 1202 1217 1272 inhumataque
1256 1222 1484 1274 corpora
1522 1206 1639 1273 regi

233 1275 594 1344 Adnumerat3
634 1294 902 1345 nusquam
935 1277 1212 1345 lacrimae,
1252 1279 1440 1347 procul
1477 1295 1646 1347 usque
1684 1277 1862 1348 fugati

232 1349 498 1403 Accessus
538 1349 844 1403 hominum:
885 1351 1015 1404 solis
1057 1351 1351 1421 avibusque
1392 1351 1625 1421 ferisque

232 1423 317 1476 Ire
357 1423 500 1477 licet.
577 1422 860 1477 Vestrisne
901 1423 1076 1478 Creon
1115 1426 1268 1478 dabit
1308 1444 1509 1496 aequus
1549 1425 1811 1480 honorem

231 1497 532 1551 Luctibus?
572 1499 790 1551 inmites
831 1499 990 1551 citius
1030 1499 1310 1552 Busiridos
1351 1519 1471 1552 aras
1837 1514 1920 1554 155

232 1570 555 1641 Odrysiique
601 1571 803 1624 famem
845 1573 1046 1626 stabuli
1089 1572 1403 1642 Siculosque
1443 1573 1629 1627 licebit

231 1645 473 1699 Exorare
513 1646 664 1715 deos,
703 1646 879 1714 rapiet
917 1647 1151 1700 fortasse
1189 1650 1471 1715 precantes

231 1716 312 1788 (Si
352 1737 503 1772 mens
542 1723 674 1772 nota
713 1719 874 1790 mihi)
912 1739 1011 1774 nec
1051 1721 1378 1791 coniugialia
1418 1739 1581 1791 supra

231 1792 467 1862 Funera,
508 1793 600 1846 sed
641 1794 777 1846 caris
818 1794 980 1864 longe
1019 1795 1284 1848 mactabit
1323 1795 1390 1848 ab
1431 1795 1652 1849 umbris,

232 1866 374 1929 Quin
398 1867 612 1937 fugitis,
646 1867 772 1920 dum
798 1870 917 1921 tuta
940 1868 1028 1922 via
1052 1872 1156 1938 est,
1186 1868 1526 1938 Lernamque
1556 1886 1799 1922 reversae
1834 1882 1918 1923 160

230 1940 487 2009 Nomina,
529 1941 670 2012 quod
712 1945 985 2012 superest,
1023 1943 1206 1997 vacuis
1245 1943 1387 1996 datis
1429 1944 1563 1997 orba
1602 1942 1865 2012 sepulcris

231 2014 609 2083 Absentesque
650 2016 862 2069 animas
903 2017 971 2069 ad
1009 2017 1193 2070 inania
1230 2017 1393 2070 busta
1430 2016 1675 2070 vocatis?

229 2089 343 2141 Aut
376 2107 470 2142 vos
504 2087 820 2159 Cecropiam
854 2088 1046 2159 (prope
1078 2109 1308 2159 namque
1341 2094 1395 2143 et
1418 2090 1628 2144 Thesea
1658 2090 1806 2143 fama
1837 2092 1920 2143 est

351 2253 435 2291 140
467 2261 634 2303 rogum
658 2253 780 2292 PGR
808 2249 951 2305 Pray.
976 2253 1008 2294 2
1034 2261 1173 2305 rogos
1197 2249 1349 2292 BG211
1377 2251 1382 2305 ι
1411 2251 1459 2293 et
1481 2248 1692 2293 flammas
1715 2252 1919 2292 naen

229 2306 367 2364 Pray.
401 2311 433 2351 2
466 2305 677 2349 flammas
711 2306 821 2349 (ΡΗ
848 2308 855 2363 Ι
881 2319 999 2352 neve
1031 2309 1141 2351 ante
1173 2323 1215 2351 m
1245 2309 1343 2353 edd.
1369 2311 1383 2366 ΙΙ
1409 2313 1490 2352 141
1525 2307 1679 2352 hianti
1709 2323 1752 2352 m
1782 2309 1879 2354 edd.
1904 2308 1919 2367 ΙΙ

231 2371 314 2411 142
349 2364 538 2409 Ornitus
571 2366 638 2410 vel
667 2363 894 2410 Hornitus
927 2368 1054 2412 codd.
1089 2368 1291 2424 Ornytus
1323 2369 1489 2425 scripsi
1513 2369 1611 2413 coll.
1647 2367 1777 2425 Very,
1801 2367 1916 2412 Aen.

232 2425 320 2469 XI
366 2428 457 2470 677
514 2423 613 2468 Vaz.
656 2423 814 2469 Flacc.
854 2425 957 2469 III
991 2430 1081 2471 173
1131 2425 1202 2482 Οἵ.
1241 2427 1374 2482 infra
1410 2442 1450 2472 v.
1492 2430 1601 2473 207.
1631 2429 1722 2473 219
1754 2426 1918 2483 quibus

230 2485 337 2530 locis
367 2487 401 2527 B
433 2483 553 2527 hanc
582 2485 781 2528 nominis
810 2484 1005 2538 formam
1029 2487 1217 2542 praebet
1253 2488 1270 2543 ΙΙ
1311 2490 1393 2530 143
1433 2484 1602 2530 timido
1642 2489 1675 2528 P
1719 2483 1916 2529 timidus

229 2544 363 2588 ceteri
389 2545 394 2600 1
421 2555 506 2599 per
537 2541 729 2598 agmina
751 2547 783 2584 P
807 2544 821 2600 ΙΙ
848 2548 932 2587 144
955 2543 1202 2601 factaeque
1225 2550 1258 2588 Β
1281 2546 1297 2601 ΙΙ
1322 2549 1407 2590 146
1438 2545 1566 2590 lerne
1590 2545 1723 2590 schol.
1755 2543 1917 2588 lernae

230 2603 355 2648 codd.
379 2603 383 2661 Ι
405 2602 813 2658 interpumctiomm
837 2616 951 2647 corr.
970 2604 1278 2649 Baehrensius
1300 2605 1316 2661 ΙΙ
1342 2609 1425 2649 147
1445 2616 1666 2648 causasve
1682 2608 1715 2646 Ρ
1731 2615 1912 2647 causas-

231 2675 319 2717 que
352 2662 484 2707 ceteri
505 2661 522 2718 ΙΙ
547 2664 631 2705 155
662 2659 885 2705 busiridis
918 2662 975 2704 (3²
1005 2663 1116 2708 Beh.
1149 2667 1231 2706 ΠΤ
1254 2665 1274 2747 Q
1295 2668 1379 2708 156
1416 2662 1636 2718 Odrisiiq.
1668 2666 1702 2705 Β
1735 2660 1915 2728 Otrisii-

230 2734 318 2775 que
352 2720 410 2763 (3²
439 2720 550 2765 Βοὴ.
593 2724 678 2763 GH
715 2722 730 2778 ΙΙ
771 2724 855 2764 158
895 2720 1185 2779 coniugialia
1216 2726 1251 2765 G
1303 2722 1529 2768 Barthius
1567 2720 1852 2778 coniugialia
1880 2723 1914 2762 B

231 2779 516 2882 conissgqssiai,
543 2783 630 2822 Pu
679 2778 746 2835 Gf.
802 2778 878 2824 Ov.
927 2780 1037 2826 Met.
1095 2781 1138 2825 V
1181 2785 1209 2827 3
1267 2781 1345 2825 VI
1387 2785 1478 2827 536
1521 2780 1607 2825 ΧΙ
1646 2783 1735 2826 743
1773 2781 1788 2837 ΙΙ
1829 2783 1913 2823 159

225 2852 328 2882 mac
354 2853 430 2883 aui
