2028 3190
700 188 1039 234 THEBAIDOS
1070 188 1181 233 LIB.
1214 189 1291 234 XI.
1723 187 1829 241 319

148 311 507 380 Pectoraque,
549 313 604 363 et
642 310 840 368 tacitus
881 310 1156 379 subrepsit
1193 309 1454 363 fratribus
1493 309 1700 363 horror.

148 384 318 438 Arma
358 385 525 438 etiam
567 385 820 437 simulata
859 401 1051 454 gerens
1093 384 1376 452 cultusque
1415 383 1621 453 viriles,

146 457 305 512 Nunc
344 458 454 526 his,
491 476 634 511 nunc
672 458 783 511 illis
824 457 1013 528 ‘agite‚
1051 458 1149 526 ite,
1189 456 1482 522 obsistite,'
1523 457 1742 525 clamat,

153 531 309 596 ‘Quis
349 533 466 585 nati
503 532 809 601 fratresque
850 532 1019 601 domi,
1058 531 1179 602 quis
1217 533 1450 602 pignora
1489 532 1665 584 tanta!

147 605 252 660 Hic
269 624 480 676 quoque
492 605 697 676 (nonne
712 606 895 677 palam
912 608 995 658 est
1008 606 1150 658 ultro
1165 607 1509 659 miserescere
1523 605 1676 659 divos
1686 601 1738 675 P)
1754 618 1841 658 480

149 680 284 734 Tela
322 681 543 749 cadunt,
583 682 905 733 cunctantur
945 680 1092 748 equi,
1130 678 1242 732 fors
1282 680 1404 748 ipsa
1442 677 1743 749 repugnat?

223 752 490 807 Nonnihil
529 754 824 823 impulerat
863 753 1078 822 dubios,
1116 754 1173 805 ni
1211 757 1370 807 torva
1409 755 1658 806 notasset

150 827 448 897 Tisiphone
487 827 702 880 fraudes
744 827 1072 897 caelestique
1114 827 1260 880 ocior
1299 827 1425 897 igne

147 901 379 956 Adforet
416 901 768 971 increpitans:
810 899 978 963 ‘Quid
1017 901 1149 954 belli
1188 901 1489 954 obverteris
1529 899 1700 969 ausis,

147 976 366 1030 Numen
388 976 533 1029 iners
556 975 782 1044 pacique
808 974 1030 1028 datum?
1063 975 1212 1044 cede,
1237 975 1506 1044 improba:
1538 976 1723 1027 noster
1755 986 1840 1027 485

148 1049 253 1103 Hic
294 1068 515 1119 campus
554 1052 845 1118 nosterque
887 1048 1021 1119 dies3
1061 1067 1204 1102 nunc
1245 1067 1364 1102 sera
1402 1051 1659 1101 nocentes

148 1123 404 1177 Defendis
444 1123 675 1186 Thebas.
753 1122 862 1176 Ubi
899 1125 1052 1192 tunc,
1092 1141 1213 1176 cum
1251 1123 1398 1176 bella
1438 1122 1602 1175 cieret

147 1197 394 1252 Bacchus
435 1200 490 1250 et
528 1198 764 1250 armatas
804 1197 1072 1250 furiarent
1111 1197 1266 1267 orgia
1305 1199 1530 1265 matres,

148 1271 263 1325 Aut
299 1271 394 1324 ubi
433 1271 616 1341 segnis
658 1289 801 1340 eras,
841 1270 968 1323 dum
1007 1269 1240 1323 Martius
1279 1271 1447 1340 impia
1487 1286 1705 1339 serpens

151 1344 356 1416 Stagna
385 1345 550 1414 bibit,
583 1345 708 1397 dum
742 1342 982 1397 Cadmus·
1010 1347 1151 1411 arat,
1185 1344 1311 1397 dum
1345 1344 1554 1397 semina
1594 1345 1839 1412 surgunt,

149 1418 295 1472 Dum
324 1421 486 1489 rogat
510 1417 824 1487 Oedipoden
848 1419 1085 1487 genitor,
1110 1418 1237 1471 dum
1260 1418 1511 1488 lampade
1534 1420 1724 1470 nostra
1754 1429 1840 1469 491

150 1492 214 1545 In
252 1491 526 1545 thalamos
564 1491 782 1545 Iocasta
820 1490 1034 1545 venit‘?'
1114 1491 1201 1545 Sic
1240 1496 1423 1561 urget,
1463 1494 1518 1544 et
1557 1491 1698 1543 ultro

149 1565 434 1619 Vitantem
475 1569 723 1635 aspectus
764 1565 928 1618 etiam
967 1566 1386 1635 pudibundaque
1424 1565 1589 1634 longe

150 1639 258 1694 Ora
295 1640 638 1693 reducentem
676 1640 876 1709 premit
915 1639 1342 1693 adstridentibus
1382 1638 1567 1708 hydris

147 1713 495 1784 Intentatque
535 1714 702 1783 faces;
744 1713 1008 1767 deiectam
1047 1713 1105 1766 in
1143 1714 1349 1767 lumina
1388 1714 1590 1782 pallam
1755 1725 1840 1766 495

149 1787 294 1842 Diva
332 1788 504 1841 trahit
542 1803 850 1856 magnoque
889 1787 1032 1857 fugit
1071 1791 1328 1857 questura
1367 1787 1618 1841 Tonanti.

225 1861 375 1915 Tunc
413 1879 540 1915 vero
581 1879 831 1914 accensae
872 1861 1107 1913 stimulis
1147 1861 1443 1914 maioribus
1483 1861 1618 1913 irae:

150 1935 320 1988 Arma
358 1935 597 2004 placent,
635 1952 929 2003 versaeque
970 1935 1161 1987 volunt
1200 1938 1442 2003 spectare
1483 1934 1745 1987 cohortes.

149 2008 466 2062 Instaurant
505 2007 716 2062 crudele
756 2008 933 2077 nefas3
972 2026 1066 2060 rex
1104 2009 1303 2078 impius
1346 2011 1500 2077 aptat

151 2082 284 2136 Tela
325 2085 379 2135 et
417 2082 662 2135 funestae
702 2099 885 2135 casum
924 2082 1073 2150 prior
1113 2085 1341 2150 occupat
1378 2082 1585 2135 hastae.
1755 2093 1841 2134 500

149 2155 253 2210 Illa
291 2157 436 2210 viam
475 2155 713 2209 medium
753 2155 912 2225 clipei
952 2158 1147 2208 conata
1186 2174 1282 2225 per
1321 2157 1508 2209 orbem

148 2230 276 2285 Non
313 2229 518 2300 perfert
557 2230 696 2283 ictus
738 2232 899 2299 atque
941 2230 1050 2283 alto
1090 2230 1328 2283 vincitur
1368 2248 1511 2282 auro,

150 2303 301 2357 Tunc
340 2305 459 2356 exul
500 2304 647 2357 subit
685 2307 739 2357 et
778 2304 922 2357 clare
961 2303 1176 2356 funesta
1214 2307 1487 2372 precatur:

153 2376 273 2446 ‘Di‚
313 2396 446 2446 quos
489 2378 681 2430 effosso
720 2395 830 2430 non
867 2377 1063 2430 inritus
1105 2396 1196 2430 ore
1236 2378 1451 2447 rogavit

153 2449 451 2519 Oedipodes
491 2451 768 2503 flammare
807 2451 983 2520 nefaS‚
1021 2469 1132 2504 non
1169 2451 1418 2519 improba
1455 2468 1621 2520 posco
1755 2463 1839 2503 505

274 2614 360 2654 480
392 2607 481 2653 Hie
512 2612 586 2651 PB
631 2608 717 2653 His
750 2609 897 2652 (νει
926 2611 942 2667 ιι
972 2613 1058 2653 482
1090 2608 1187 2654 Nos
1219 2609 1340 2654 nihil
1369 2615 1402 2653 P
1425 2611 1440 2667 ιι
1464 2615 1551 2655 484
1584 2607 1841 2654 obuerterit

152 2673 184 2711 P
223 2667 447 2712 auerteris
487 2672 522 2710 G
558 2670 573 2724 [Ι
610 2673 697 2713 490
748 2667 859 2712 dum
904 2666 1033 2711 uicta
1083 2667 1212 2713 cadit
1240 2674 1273 2712 P
1305 2684 1380 2727 pr.
1412 2685 1469 2715 m.
1511 2670 1621 2712 dum
1661 2667 1841 2711 semina

154 2729 352 2784 surgunt
382 2732 414 2769 P
437 2741 517 2771 sec.
543 2741 617 2782 m.‚
647 2729 766 2784 quod
795 2732 967 2772 rectum
989 2730 1107 2783 puto
1139 2727 1250 2772 dum
1280 2729 1409 2773 uicta
1431 2728 1560 2772 cadit
1584 2726 1751 2784 sphinx
1773 2728 1841 2771 vel

154 2786 289 2843 spinx
323 2786 661 2842 3628111492
699 2788 870 2843 urguet
900 2790 1011 2829 PBS
1049 2787 1065 2841 ΙΙ
1102 2791 1189 2832 493
1229 2787 1375 2845 longa
1412 2793 1445 2830 P
1483 2789 1498 2843 ΙΙ
1536 2791 1622 2830 495
1662 2783 1839 2829 lumine

153 2849 265 2898 PpG
289 2847 304 2901 11
327 2850 414 2890 498
446 2844 609 2890 volant
640 2845 863 2890 Heinsius
886 2847 902 2902 ΙΙ
925 2850 1011 2890 504
1043 2846 1155 2890 orbe
1190 2845 1416 2893 Gruterus
1445 2849 1460 2904 ΙΙ
1484 2851 1569 2890 505
1602 2844 1838 2889 flammate

155 2907 203 2958 P,
235 2918 348 2949 corr.
383 2905 602 2949 Heinsius
633 2919 655 2949 e
687 2906 781 2950 cod.
816 2903 998 2949 firmate
1030 2907 1162 2950 ceteri
1192 2907 1318 2952 codd.
1351 2907 1448 2952 edd.
1478 2907 1484 2962 Ι
1512 2905 1674 2961 poscet
1702 2909 1735 2946 P
