2028 3190
224 161 334 215 326
803 159 852 205 P.
885 159 1114 205 PAPINH
1145 159 1338 205 STATH

224 282 448 335 Innixus
486 281 696 336 tumido
735 299 924 335 vocem
962 281 1026 334 de
1065 283 1284 350 pectore
1321 281 1547 350 rumpit:

227 356 440 409 tIamne
480 359 640 409 vacat
679 355 913 424 saevire,
951 353 1164 408 Creon?
1203 354 1363 408 modo
1402 354 1607 424 perfida
1643 371 1813 426 regna

222 430 607 499 Fortunaeque
647 430 827 483 locum
864 431 1110 498 nostrae,
1148 428 1475 498 miserande,
1517 428 1736 495 subisti,

221 504 298 556 Et
335 503 440 557 tibi
478 504 589 557 iam
627 503 711 558 fas
753 507 836 558 est
874 521 1064 574 regum
1104 503 1312 556 calcare
1351 502 1574 556 ruinas}>

222 577 342 630 Iam
380 578 606 631 tumulis
646 578 843 647 victOS,
884 577 1058 632 socios
1098 577 1208 630 iam
1246 576 1533 631 moenibus
1570 577 1758 631 arces?
1829 591 1915 632 680

221 651 426 721 Macte,
466 655 623 720 potes
665 652 826 722 digne
864 651 1172 705 Thebarum
1212 654 1426 721 sceptra
1463 651 1620 705 tueri.

220 723 372 779 Haec
411 728 506 778 tua
545 725 723 795 prima
763 725 902 796 dies,
942 726 1035 779 sed
1074 744 1170 778 cur
1205 744 1348 779 nova
1387 725 1661 780 contrahis
1702 743 1888 780 amens

221 799 385 854 Iura?
429 800 558 869 quid
598 803 829 869 anguste
867 802 1050 853 tantos
1091 800 1299 853 metiris
1339 799 1611 853 honores?

222 872 465 927 Exilium
505 874 781 927 intendis?
819 873 1015 927 timida
1052 873 1403 927 inclementia
1440 891 1631 945 regum

227 947 366 1000 Ista!
406 948 551 1001 feros
592 948 781 1001 avidus
821 948 952 1018 quin
988 948 1237 1017 protinus
1276 947 1479 1001 imbuis
1518 948 1710 1002 enses?
1829 961 1915 1004 685

230 1019 424 1090 Crede,
464 1022 613 1090 licet,
653 1022 837 1075 veniat
874 1021 1099 1091 cupidus
1136 1039 1326 1092 parere
1366 1022 1588 1075 satelles

235 1095 654 1165 Intrepidusque
693 1100 839 1149 secet
876 1114 987 1149 non
1026 1095 1291 1149 evitantia
1330 1095 1484 1149 colla.

226 1167 435 1238 Incipe!
476 1188 545 1222 an
585 1172 856 1238 expectas,
896 1173 958 1223 ut
995 1187 1199 1238 pronus
1239 1169 1483 1238 supplice
1523 1169 1709 1223 dextra

222 1241 444 1296 Sternar
485 1246 538 1297 et
575 1243 783 1297 inmitis
824 1243 1030 1297 domini
1068 1244 1302 1313 vestigia
1341 1243 1632 1313 quaeram?

220 1316 394 1387 Finge
427 1320 608 1370 autem
637 1319 931 1387 temptare,
970 1317 1155 1370 sines?
1193 1316 1397 1370 mihine
1427 1317 1540 1370 ulla
1571 1316 1793 1371 minaris
1827 1330 1913 1372 690

223 1388 523 1460 Supplicia,
564 1394 658 1444 aut
697 1391 838 1444 ullos
877 1391 1019 1444 reris·
1055 1409 1336 1460 superesse
1373 1390 1643 1444 timores?

222 1463 489 1534 Linquere
528 1468 675 1518 tecta
714 1461 908 1518 iubes?
948 1465 1155 1518 caelum
1194 1469 1501 1535 terramque
1539 1464 1732 1535 reliqui

224 1537 451 1608 Sponte,
491 1542 654 1608 atque
693 1539 944 1593 ultricem
983 1539 1214 1593 crudelis
1254 1540 1312 1592 in
1352 1558 1446 1593 ora
1484 1539 1682 1593 retorsi

221 1611 350 1667 Non
387 1613 499 1666 ullo
540 1615 766 1684 cogente
805 1632 1049 1666 manum:
1091 1613 1219 1683 quid
1257 1614 1365 1666 tale
1406 1613 1614 1681 iubere,

221 1686 338 1739 Rex
376 1687 613 1754 inimice,
651 1687 846 1755 potes?
884 1687 1037 1758 fugio
1078 1687 1380 1756 excedoque
1417 1686 1664 1740 nefandis
1828 1701 1914 1742 695

224 1760 477 1829 Sedibus3
519 1779 590 1813 an
627 1761 820 1831 refert,
860 1779 964 1830 quo
1005 1761 1198 1814 funera
1237 1761 1406 1832 longa
1443 1778 1700 1830 measque

224 1834 614 1904 Transportem
652 1835 944 1888 tenebras?
985 1853 1051 1887 ne
1091 1853 1203 1888 non
1241 1852 1373 1905 gens
1414 1837 1608 1889 cuncta
1644 1835 1887 1904 precanti

224 1907 524 1977 Concedat,
562 1909 770 1977 patriae
811 1911 1073 1979 quantum
1114 1910 1279 1962 miser
1316 1908 1514 1962 incubo
1554 1908 1772 1963 terrae?

225 1981 329 2035 Sed
370 1982 550 2035 dulces
591 1982 833 2037 Thebae!
874 1984 1129 2036 nimirum
1167 1983 1256 2036 hic
1294 1983 1490 2036 clarior
1529 1985 1704 2051 ortus,

221 2055 298 2108 Et
336 2057 564 2109 meliora
602 2075 752 2110 meos
791 2058 1126 2126 permulcent
1166 2056 1343 2111 sidera
1381 2057 1583 2124 vultuS,
1827 2070 1912 2110 700

224 2129 329 2182 Hic
369 2131 614 2200 genetrix
651 2132 901 2201 natique!
940 2130 1159 2184 Habeas
1199 2131 1456 2183 Thebana
1495 2146 1758 2199 regasque

224 2201 465 2272 Moenia,
507 2223 611 2272 quo
652 2202 909 2272 CadeS,
951 2223 1056 2273 quo
1096 2203 1262 2256 Laius
1302 2204 1477 2256 omine
1515 2204 1658 2257 rexit

225 2275 448 2345 Quoque
488 2294 613 2347 eg03
663 2278 740 2330 sic
778 2278 1072 2346 thalamos,
1113 2278 1189 2330 sic
1228 2278 1456 2346 pignora
1495 2277 1603 2330 fida
1641 2295 1915 2347 capessaS,

223 2347 338 2403 Nec
377 2350 483 2403 tibi
523 2350 595 2403 sit
633 2351 804 2404 virtus
843 2351 1118 2404 fortunam
1158 2351 1382 2405 evadere
1423 2352 1631 2421 dextra3

226 2421 329 2476 Sed
365 2423 540 2478 lucem
580 2424 874 2494 deprensus
915 2443 1076 2479 ames.
1154 2423 1295 2479 Satis
1337 2425 1518 2479 omina
1557 2426 1734 2495 sanxi,
1827 2438 1912 2480 705

224 2496 366 2567 Duc,
407 2514 534 2567 age,
572 2502 703 2552 nata
737 2500 938 2568 procul.
1002 2499 1141 2562 Quid
1173 2502 1226 2552 te
1260 2503 1441 2553 autem
1472 2499 1706 2553 luctibus
1739 2499 1914 2553 addo?

227 2571 335 2639 Da,
376 2589 470 2624 rex
508 2590 726 2642 magne,
765 2572 987 2625 ducem.'
1058 2573 1265 2626 Timuit
1305 2573 1607 2627 miseranda
1645 2572 1879 2642 relinqui

222 2691 317 2698 -μ

348 2766 432 2806 685
465 2761 620 2806 inbuit
649 2766 680 2804 P
703 2763 719 2818 n
744 2767 828 2806 692
860 2765 1126 2818 terramque
1157 2768 1189 2806 P
1221 2762 1447 2807 Baothius
1478 2763 1718 2818 terrasque
1749 2760 1912 2818 amrin

228 2826 314 2865 696
355 2820 516 2865 funere
555 2822 718 2877 longa,
758 2822 818 2865 al.
850 2836 907 2866 m.
939 2836 1170 2878 suprascr.
1204 2836 1239 2866 s.
1273 2821 1403 2865 exilii
1433 2826 1467 2863 P
1504 2823 1518 2879 ΙΙ
1558 2826 1642 2867 697
1675 2821 1844 2865 cuncta
1874 2821 1914 2877 (t
1964 2865 1979 2879 ⁸

224 2879 378 2924 cincta
410 2882 467 2925 al.
501 2882 577 2937 m.)
612 2879 836 2937 precandi
866 2885 898 2922 P
