2072 3216
695 188 1038 236 THEBAIDOS
1069 190 1179 235 LIB.
1212 190 1312 236 VII.
1757 189 1864 244 183

174 311 412 365 Turbine
447 314 766 382 praevectus
805 312 995 381 rapido
1034 314 1117 364 ter
1157 310 1378 365 sustulit
1414 310 1653 380 hastam,

177 384 280 439 Ter
319 385 592 439 concussit
632 403 819 455 equos,
859 386 1090 456 clipeum
1128 388 1212 438 ter
1251 388 1468 455 pectore
1506 384 1733 455 plausit:

175 459 367 529 Arma,
407 478 559 513 arma
591 457 838 531 (insanil)
873 478 970 513 sua
1009 460 1235 530 quisque
1266 460 1560 529 ignotaque
1590 458 1744 512 nullo
1779 471 1863 513 135

176 531 325 586 More
363 534 532 603 rapit,
571 536 786 587 mutant
825 535 1008 603 galeas
1049 534 1333 603 alienaque
1372 535 1575 602 cogunt

176 606 261 659 Ad
300 607 429 678 iuga
465 608 801 677 cornipedes3
841 607 988 661 ferus
1030 608 1177 660 omni
1213 609 1269 660 in
1307 610 1526 676 pectore
1567 606 1742 660 saevit

176 679 370 734 Mortis
411 700 563 735 amor
602 681 908 751 caedisque,
946 681 1087 734 nihil
1126 681 1486 750 flagrantibus
1527 681 1735 734 obstat:

175 753 542 824 Praecipitant
579 755 958 825 redimuntque
996 774 1191 810 moras,
1269 753 1357 809 Sic
1394 755 1561 808 litora
1599 756 1765 808 vento

175 826 473 898 Incipiente
512 829 772 899 fremunt,
810 829 1021 901 fugitur
1060 848 1182 883 cum
1221 832 1435 898 portus;
1474 828 1673 897 ubique
1782 840 1865 882 140

175 899 318 955 Vela
354 902 554 972 fluunt,
594 903 706 956 laxi
743 904 1016 957 iactantur
1052 903 1251 973 ubique
1289 902 1566 972 rudentes3

174 973 396 1045 Iamque
442 980 636 1030 natant
674 978 829 1048 remi,
877 980 1034 1031 natat
1073 978 1250 1031 omnis
1289 977 1347 1030 in
1385 994 1616 1046 aequore
1655 992 1866 1029 summo

174 1049 411 1116 Ancora,
450 1051 561 1105 iam
599 1051 770 1105 dulcis
809 1051 973 1104 medii
1012 1051 1076 1104 de
1116 1052 1332 1122 gurgite
1371 1050 1528 1119 ponti

175 1122 484 1192 Respicitur
521 1126 683 1178 tellus
724 1126 1054 1195 comitesque
1095 1145 1127 1179 a
1165 1143 1345 1195 puppe
1384 1124 1575 1177 relicti.

249 1196 476 1251 Viderat
514 1198 765 1252 Inachias
802 1199 1052 1268 rapidum
1091 1200 1393 1270 glomerare
1432 1197 1681 1252 cohortes
1783 1208 1867 1250 145

176 1267 422 1324 Bacchus
462 1273 590 1342 iter3
631 1274 838 1343 gemuit
876 1273 1100 1342 Tyriam
1141 1291 1428 1327 conversus
1468 1271 1535 1325 ad
1573 1271 1786 1340 urbem,

175 1342 544 1414 Altricemque
584 1346 803 1399 domum
842 1350 899 1399 et
936 1348 1144 1416 patrios
1182 1346 1547 1399 reminiscitur
1584 1345 1764 1415 ignes,

176 1415 512 1487 Purpureum
552 1420 703 1472 tristi
740 1420 990 1473 turbatus
1029 1424 1248 1490 pectore
1287 1421 1519 1474 vultum:

177 1489 305 1544 Non
344 1492 517 1545 crines
527 1534 542 1562 ,
580 1512 690 1547 non
731 1496 879 1547 serta
916 1494 1058 1562 1000,
1099 1493 1446 1563 dextramque
1485 1491 1705 1561 reliquit

180 1563 443 1635 Thyrsus,
482 1569 538 1619 et
575 1567 813 1621 intactae
853 1567 1160 1620 ceciderunt
1199 1567 1449 1620 cornibus
1488 1583 1639 1620 uvae.
1782 1577 1866 1618 150

176 1636 327 1709 Ergo
367 1643 430 1692 ut
469 1643 585 1693 erat
621 1642 859 1694 lacrimis
900 1641 1159 1711 lapsoque
1198 1641 1494 1694 inhonorus
1535 1639 1735 1692 amictu

179 1710 326 1765 Ante
364 1713 547 1766 Iovem
589 1714 668 1783 (et
704 1718 832 1768 tunc
870 1714 1012 1768 forte
1052 1715 1238 1784 polum
1278 1717 1516 1768 secretus
1555 1713 1820 1783 habebat)

178 1783 467 1856 Constitit,
505 1788 639 1841 haut
677 1807 934 1859 umquam
972 1789 1111 1842 facie
1150 1791 1466 1858 conspectus
1505 1787 1562 1841 in
1601 1787 1699 1841 illa

179 1856 318 1928 (Nec
358 1878 550 1913 causae
589 1861 797 1914 latuere
835 1860 1091 1932 patrem),
1134 1863 1465 1932 supplexque
1504 1860 1775 1930 profatur:

182 1930 528 1986 ‘Excindisne
566 1937 712 2003 tuae,
752 1935 935 1988 divum
977 1939 1125 1988 sator
1166 1935 1388 2004 optime,
1428 1934 1681 1987 Thebas?
1784 1946 1868 1987 155

179 2003 351 2059 Saeva
390 2007 523 2061 adeo
564 2008 836 2062 coniunx?
874 2026 973 2062 nec
1010 2011 1065 2061 te
1104 2009 1316 2062 telluris
1357 2011 1570 2061 amatae

177 2078 512 2150 Deceptique
550 2082 681 2135 laris
721 2083 943 2135 miseret
980 2083 1326 2151 cinerumque
1364 2080 1644 2135 meorum?

177 2151 312 2206 Esto
322 2196 335 2222 ‚
375 2155 507 2207 olim
545 2155 778 2209 invitum
817 2157 1082 2210 iaculatus
1122 2156 1355 2210 nubibus
1394 2156 1604 2226 ignem,

179 2225 483 2281 Credimus:
524 2246 590 2282 en
628 2231 824 2283 iterum
866 2234 987 2283 atra
1024 2230 1194 2284 refers
1234 2229 1483 2283 incendia
1520 2228 1705 2297 terris,

179 2297 295 2353 Nec
333 2299 499 2371 Styge
538 2303 737 2372 iurata,
775 2322 875 2357 nec
912 2305 1134 2373 paelicis
1175 2307 1290 2357 arte
1329 2306 1570 2373 rogatus
1784 2314 1867 2355 160

181 2370 312 2434 Quis
351 2376 578 2428 modus?
619 2396 688 2430 an
727 2378 886 2431 nobis
924 2380 1080 2447 pater
1117 2378 1394 2447 iratusque
1433 2378 1711 2446 bonusque

180 2443 408 2499 Fulmen
446 2448 654 2503 habes‘?
709 2450 813 2504 Sed
850 2469 962 2505 non
1000 2451 1243 2505 Danaeia
1279 2452 1468 2504 limina
1506 2450 1634 2503 talis

303 2566 400 2607 148.
438 2562 743 2620 ‘Purpureum
768 2593 823 2599 -
847 2565 1049 2610 vultum’
1086 2566 1259 2611 schol.
1292 2566 1437 2610 Theb.
1470 2565 1556 2610 VH
1587 2569 1673 2610 222
1704 2579 1748 2621 p.
1782 2567 1867 2607 249

184 2620 234 2664 L.
270 2646 324 2653 -
360 2624 458 2664 151.
495 2621 740 2680 ‘lapsoque
773 2651 828 2659 -
862 2625 1056 2670 amictu’
1093 2625 1265 2670 schol.
1298 2625 1363 2670 ib.

303 2729 387 2769 135
421 2726 841 2782 Imm-punctionem
870 2741 984 2773 corr.
1015 2727 1381 2774 Sandsbroemius
1404 2730 1419 2785 ΙΙ
1446 2733 1528 2772 152
1559 2726 1695 2783 polus
1718 2723 1867 2769 Bach—

180 2783 360 2828 remius
382 2785 399 2839 n
424 2787 507 2828 158
532 2785 595 2828 Es
619 2786 671 2828 tu
697 2785 810 2829 olim
831 2787 1140 2831 Baehrensius
1166 2788 1173 2843 Ι
1200 2787 1432 2833 iaculatus
1457 2790 1531 2829 PB
1546 2790 1581 2828 G
1603 2784 1714 2828 Beh.
1738 2783 1866 2828 Dan.

181 2839 435 2886 iaculatum
468 2847 582 2886 c'rH
619 2843 771 2889 Paris.
803 2848 929 2890 8053
959 2845 1202 2904 iaculatus]
1229 2846 1286 2889 θ’
1315 2845 1572 2890 iaculatum
1608 2856 1633 2887 e
1663 2841 1866 2887 nubibus

184 2897 410 2947 Bao-thius
433 2902 448 2958 ΙΙ
475 2907 557 2946 159
591 2916 649 2946 en
680 2901 850 2947 iterata.
879 2905 998 2949 idem
