2072 3216
696 190 1037 237 THEBAIDOS
1068 191 1178 238 LIB.
1210 193 1310 239 VlI.
1746 193 1852 248 185

236 311 503 365 Invidiam
541 312 663 365 risit
700 315 882 383 pater,
924 317 978 366 et
1016 314 1126 366 iam
1163 314 1372 383 poplite
1412 315 1609 367 flexum

163 384 609 455 Sternentemque
648 405 843 440 manus
882 388 1205 456 tranquillus
1246 388 1313 441 ad
1353 389 1536 442 oscula
1573 389 1725 442 tollit

160 460 328 530 Inque
359 459 533 513 vicem
568 460 782 529 placida
813 479 936 514 orsa
959 461 1149 515 refert:
1189 461 1333 515 ‘Non
1358 460 1602 533 coniugis
1627 463 1735 517 ista
1768 476 1852 518 195

161 532 444 603 Consiliis,
481 537 543 586 ut
581 552 721 604 rere,
760 553 915 604 puer,
954 553 1054 589 nec
1094 554 1255 590 saeva
1293 536 1514 607 roganti

162 606 252 662 Sic
290 610 546 676 expostus
586 621 710 678 ego:
749 608 958 662 inmoto
999 609 1310 663 deducimur
1350 611 1480 663 orbe

160 681 442 753 Fatorum3
483 684 690 735 veteres
723 700 980 752 seraeque
1018 683 1074 735 in
1112 684 1320 752 proelia
1362 702 1571 737 causae.

159 755 304 810 Nam
344 755 430 808 eui
466 757 624 809 tanta
663 755 815 825 quies
854 757 1060 810 irarum
1101 761 1195 810 aut
1234 758 1511 828 sanguinis
1551 775 1683 811 usus

160 829 382 883 Parcior
419 828 684 882 humani?
738 829 904 884 Videt
944 831 1059 884 axis
1101 834 1155 884 et
1192 832 1302 884 ista
1339 849 1437 902 per
1475 849 1668 885 aevum
1768 845 1854 885 200

160 902 372 957 Mecum
412 905 632 956 aeterna
672 903 887 973 domus,
927 905 1175 973 quotiens
1215 905 1324 958 iam
1364 909 1514 959 torta
1537 923 1812 975 -reponam

159 976 435 1046 Fulmina,
476 995 637 1047 quam
676 995 830 1030 rarus
871 979 1029 1031 terris
1069 979 1158 1032 hic
1196 979 1428 1048 imperet
1468 979 1628 1050 ignis·

162 1050 304 1115 Quin
344 1050 509 1103 etiam
548 1051 752 1104 invitus
792 1070 994 1122 magna
1032 1053 1445 1122 uleiscendaque
1483 1053 1661 1122 passis

161 1123 275 1178 Aut
312 1123 574 1193 Lapithas
613 1124 802 1194 Marti,
843 1128 937 1181 aut
975 1128 1213 1180 veterem
1254 1125 1533 1197 Calydona
1571 1126 1782 1180 Dianae

159 1197 490 1269 Expugnare
528 1198 671 1269 dedi3
712 1217 938 1269 meaque
979 1203 1062 1253 est
1100 1201 1311 1253 iactura
1348 1201 1606 1270 pigetque
1770 1213 1855 1254 205

162 1272 267 1326 Tot
304 1276 515 1325 mutare
556 1273 791 1342 animas,
830 1276 917 1327 tot
956 1274 1175 1327 reddere
1215 1292 1444 1343 corpora
1483 1274 1644 1327 vitae.

163 1345 465 1399 Labdacios
504 1364 631 1399 vero
670 1346 994 1416 Pelopisque
1035 1367 1066 1400 a
1106 1349 1276 1417 stirpe
1312 1351 1540 1417 nepotes

163 1418 405 1472 Tardum
445 1419 659 1472 abolere
699 1419 857 1490 mihi3
898 1422 1002 1474 scis
1042 1421 1159 1489 ipse
1199 1421 1285 1493 (ut
1324 1422 1550 1475 crimina
1591 1421 1808 1474 mittam

163 1491 402 1564 Dorica),
441 1510 604 1562 quam
641 1496 927 1563 promptae
967 1512 1190 1563 superos
1229 1495 1496 1549 incessere
1536 1493 1774 1563 Thebae3

165 1566 242 1620 Te
267 1584 478 1636 quoque
495 1597 568 1604 —
587 1567 701 1636 sed,
734 1568 992 1636 quoniam
1015 1571 1169 1622 vetus
1195 1569 1392 1622 excidit
1414 1570 1517 1638 ira,
1548 1568 1737 1623 silebo,
1771 1581 1856 1622 210

162 1640 289 1695 Non
327 1643 511 1693 tamen
550 1643 644 1693 aut
682 1642 863 1710 patrio
903 1660 1180 1711 respersus
1221 1643 1485 1714 sanguine
1524 1642 1796 1696 Pentheus
1806 1684 1820 1712 ,

161 1714 275 1768 Aut
312 1717 542 1767 matrem
582 1715 875 1768 scelerasse
914 1717 1049 1770 toris
1090 1720 1146 1769 et
1185 1717 1410 1771 erimine
1450 1716 1644 1770 fratres

163 1786 525 1858 Progenuisse
564 1807 711 1857 reus,
749 1789 928 1843 lacero
968 1793 1062 1843 tua
1101 1791 1275 1844 lustra
1313 1791 1544 1860 replevit

164 1860 395 1915 Funere:
434 1862 528 1914 ubi
565 1861 625 1914 hi
663 1862 860 1915 fletus?
897 1863 994 1916 ubi
1031 1866 1162 1917 tunc
1203 1883 1289 1917 ars
1328 1867 1484 1917 tanta
1522 1863 1816 1933 precandi?

164 1934 271 1987 Ast
310 1951 410 2004 ego
449 1952 559 1987 non
596 1936 816 2004 proprio
857 1935 1005 1990 diros
1045 1937 1299 2006 impendo
1341 1937 1515 1990 dolori
1770 1950 1854 1991 215

165 2007 643 2077 Oedipodionidas:
684 2012 846 2078 rogat
882 2009 986 2063 hoc
1024 2011 1294 2079 tellusque
1332 2011 1598 2080 polusque

164 2081 239 2135 Et
277 2082 454 2152 pietas
494 2084 548 2134 et
587 2082 736 2135 laesa
774 2083 906 2136 fides
945 2086 1271 2154 naturaque,
1312 2089 1366 2138 et
1405 2085 1509 2153 ipsi

165 2155 528 2209 Eumenidum
567 2174 761 2209 mores,
840 2155 944 2210 Sed
982 2160 1043 2210 tu
1085 2176 1244 2227 super
1281 2158 1414 2211 urbe
1454 2157 1663 2211 moveri

165 2229 334 2283 Parce
372 2233 489 2282 tua:
529 2248 639 2283 non
676 2230 780 2283 hoc
822 2231 993 2284 statui
1034 2232 1132 2284 sub
1173 2235 1417 2302 tempore
1456 2232 1616 2284 rebus

167 2301 430 2356 Occasum
469 2302 685 2374 Aoniis,
723 2305 903 2358 veniet
943 2306 1245 2374 suspectior
1285 2311 1435 2358 aetas
1766 2317 1852 2359 220

167 2375 494 2445 Ultoresque
535 2377 651 2431 alii:
689 2396 829 2431 nunc
868 2379 1019 2448 regia
1057 2378 1192 2432 Iuno
1233 2377 1521 2449 queretur?

166 2447 270 2501 His
310 2449 405 2502 ille
446 2450 645 2503 auditis
685 2454 1029 2521 mentemque
1068 2452 1423 2522 habitumque
1462 2452 1677 2521 recepit.

167 2521 244 2576 Ut
284 2539 404 2575 cum
444 2523 555 2575 sole
594 2524 736 2577 malo
775 2525 1028 2594 tristique
1068 2526 1275 2579 rosaria
1313 2526 1550 2596 pendent

292 2671 376 2711 194
408 2665 787 2724 Tendentemque
819 2670 1025 2715 Kochius
1047 2672 1063 2727 ΙΙ
1086 2675 1170 2715 201
1205 2669 1301 2714 iam
1336 2672 1464 2714 certa
1498 2669 1811 2714 Marklcmdus
1839 2670 1855 2728 Η

171 2729 258 2770 205
288 2738 396 2769 mea
435 2727 536 2780 (om.
570 2729 675 2782 que)
706 2731 781 2770 PB
793 2727 961 2772 α’Βοθ
985 2744 1041 2773 m.
1066 2743 1147 2774 sec.
1173 2733 1255 2772 ΠΤ
1278 2732 1293 2787 ΙΙ
1318 2734 1403 2774 206
1437 2742 1630 2785 corpora
1661 2727 1855 2772 reddere

168 2783 300 2828 3020
330 2784 442 2829 Βοὴ.
475 2789 517 2827 Η
547 2786 563 2841 ΙΙ
593 2790 679 2830 208
720 2786 906 2832 adolere
945 2793 977 2830 P
1001 2790 1016 2844 ΙΙ
1040 2793 1125 2831 212
1160 2790 1207 2832 et
1237 2789 1545 2833 Baehrensius
1577 2787 1659 2829 aut
1689 2787 1814 2832 codd.
1839 2786 1856 2845 ξΙ

169 2845 254 2887 213
294 2856 400 2887 reus
438 2848 471 2886 P
503 2858 579 2901 pr.
612 2859 668 2889 m.
708 2858 813 2889 reos
844 2851 877 2889 P
907 2861 963 2891 m.
997 2860 1078 2891 sec,
1110 2849 1126 2903 ΙΙ
1156 2852 1242 2891 214
1273 2846 1323 2891 hi
1354 2846 1489 2890 fletus
1522 2850 1553 2887 P
1584 2845 1624 2888 is
1656 2843 1793 2891 fietus
1824 2850 1857 2889 Τ

167 2898 219 2942 hi
250 2915 332 2947 om.
366 2904 500 2948 ceteri
528 2904 544 2959 ΙΙ
574 2908 660 2948 223
692 2903 867 2949 rosalia
896 2910 929 2948 P
957 2907 963 2962 Ι
989 2905 1197 2962 pendent
1226 2910 1258 2948 P
1289 2905 1470 2963 pallent
1501 2905 1632 2949 ceteri
