2072 3216
755 149 1096 196 THEBAIDOS
1127 150 1237 196 LLB.
1271 151 1346 196 VI.
1785 156 1894 209 -161

211 270 368 325 Solus
407 271 736 325 Echionides
778 274 991 325 errante
1032 271 1251 326 silentia
1289 291 1449 327 curru
1807 290 1895 330 445

9 395 17 417 4
210 344 423 400 Maesta
460 348 612 399 tenet
649 345 968 415 trepidaque
1006 345 1166 399 timet
1206 364 1261 399 se
1301 365 1432 401 voce
1469 347 1645 402 fateri.

2 419 20 498 ξ
287 418 526 473 Vixdum
565 421 785 488 coeptus
826 420 978 488 equis
1014 419 1193 490 labor,
1234 423 1287 474 et
1316 421 1426 474 iam
1455 422 1677 490 pulvere
1708 426 1901 493 quarto

7 495 27 563 ξ,
90 493 181 537 470
212 491 479 562 Campum
517 494 727 561 ineunt,
766 492 980 562 iamque
1022 495 1076 546 et
1113 494 1311 563 tepidis
1352 495 1638 549 sudoribus
1679 501 1828 552 artus

16 567 28 593 '¹
210 566 399 636 Effeti,
441 571 495 620 et
533 585 776 621 crassum
814 567 961 635 rapit
999 567 1299 638 eiectatque
1337 587 1594 638 vaporem

213 639 577 711 Cornipedum
616 641 892 693 flammata
933 640 1076 709 sitm,
1114 659 1214 694 nec
1253 643 1362 695 iam
1401 643 1614 713 integer
1651 644 1761 697 illis
1812 658 1900 700 450

211 713 478 784 Impetus,
517 718 571 767 et
607 714 759 784 longi
797 714 1130 783 suspendunt
1166 715 1264 767 ilia
1301 717 1477 770 flatus.

0 840 5 857 ἰ
211 787 318 842 Hic
357 806 554 857 anceps
594 787 837 842 Fortuna
876 788 967 842 diu
1006 788 1287 842 decernere
1326 790 1559 858 primum

90 862 182 906 475
201 862 363 916 ‘Ausa
399 862 563 916 venit.
639 862 792 931 Ruit,
831 861 1194 917 Haemonium
1237 863 1364 916 dum
1403 864 1642 918 fervidus
1681 866 1851 920 instat

204 935 496 990 Admetum
537 954 813 1006 superare,
853 935 1056 1005 Thvis,
1094 955 1193 990 nec
1230 938 1458 1006 pertulit
1495 939 1672 992 ullam

0 1011 18 1083 ξ
202 1009 393 1063 Frater
432 1028 605 1079 opem.
668 1010 819 1064 Velit
857 1010 1224 1080 ille2quidem,
1265 1011 1358 1064 sed
1389 1011 1619 1066 Martius
1652 1017 1779 1067 ante
1810 1028 1899 1068 455

204 1082 435 1137 Obstitit
472 1083 846 1153 Hippodamus
886 1083 1196 1154 mediasque
1235 1085 1463 1139 immisit
1501 1086 1761 1141 habenas».

3 1207 13 1225 ς,
210 1156 341 1211 Mox
373 1156 623 1211 Chromis
655 1157 1060 1227 Hippodamum
1099 1162 1277 1212 metae
1308 1160 1582 1215 interioris
1617 1162 1685 1215 ad
1717 1162 1902 1216 orbem

90 1232 184 1274 480
213 1231 437 1285 Viribus
477 1231 758 1286 Herculeis
799 1235 854 1285 et
891 1235 1011 1286 toto
1051 1233 1246 1286 robore
1284 1235 1456 1302 patris

214 1304 334 1359 Axe
372 1308 522 1358 tenet
559 1324 778 1374 prenSO,
818 1306 1093 1359 luctantur
1132 1307 1286 1360 abire
1324 1308 1534 1378 iugales

215 1377 557 1448 Nequiquam
595 1379 882 1447 frenosque
923 1382 978 1432 et
1017 1380 1156 1432 colla
1193 1381 1429 1449 rigentia
1465 1382 1708 1435 tendunt.
1818 1396 1905 1437 460

215 1451 294 1506 Ut
334 1450 541 1506 Siculas
583 1454 629 1505 si
669 1452 882 1522 quando
922 1456 1068 1506 rates
1107 1456 1259 1505 tenet
1299 1458 1478 1508 aestus
1519 1459 1574 1507 et
1612 1456 1802 1526 ingens

218 1524 417 1579 Auster
456 1526 594 1596 agit,
633 1527 809 1580 medio
850 1530 1000 1579 stant
1038 1527 1161 1579 vela
1198 1528 1468 1581 tumentia
1505 1532 1691 1597 ponto,

96 1599 189 1643 485
220 1598 374 1653 Tunc
410 1600 590 1670 ipsum
628 1599 800 1653 fracto
841 1618 1011 1653 curru·
1040 1600 1314 1667 deturbat,
1354 1605 1410 1654 et
1447 1602 1580 1655 isset

216 1671 360 1726 Ante
401 1672 679 1742 Chromis3
727 1673 821 1726 sed
867 1673 1105 1727 Thraces
1159 1675 1283 1744 equi
1322 1678 1384 1728 ut
1421 1676 1603 1729 videre
1642 1677 1907 1731 iacentem

215 1746 638 1816 Hippodamum,
652 1748 794 1802 redit
810 1748 906 1801 illa
923 1748 1110 1816 fames,
1120 1749 1229 1801 iam
1246 1749 1460 1818 iamque
1477 1754 1803 1804 trementem
1819 1764 1906 1805 465

215 1819 415 1873 Partiti
452 1821 631 1887 furiiS‚
669 1822 728 1874 ni
766 1821 919 1874 frena
960 1822 1213 1891 ipsosque
1252 1822 1542 1876 frementes

218 1892 436 1947 Oblitus
476 1895 690 1962 palmae
729 1898 876 1947 retro
917 1894 1239 1963 Tirynthius
1279 1895 1438 1948 heros

3 1985 19 2026 ‘ri
97 1969 188 2011 490
219 1966 494 2020 Torsisset
531 1968 811 2037 victusque
850 1970 906 2020 et
945 1968 1295 2021 conlaudatus
1335 1970 1552 2022 abisset,

6 2036 14 2043 ὲ
294 2039 371 2094 At
409 2041 511 2094 tibi
550 2041 850 2110 promissos
890 2041 1202 2094 iamdudum
1241 2041 1493 2096 Phoebus
1533 2044 1789 2113 honores,

219 2114 571 2184 Amphiarae,
611 2116 773 2184 cupit.
850 2114 1092 2168 Tandem
1131 2119 1282 2168 ratus
1323 2120 1451 2186 apta
1489 2117 1664 2171 favori
1821 2131 1909 2172 470

8 2213 39 2270 -g
220 2187 490 2259 Tempora
529 2189 773 2257 pulverei
813 2189 963 2242 venit
1001 2190 1058 2242 in
1099 2190 1276 2258 spatia
1313 2190 1534 2244 horrida
1574 2192 1723 2259 circi,

222 2260 358 2315 Cum
396 2263 505 2315 iam
545 2263 600 2315 in
641 2264 745 2316 fine
785 2264 926 2332 viae,
968 2266 1022 2316 et
1062 2282 1331 2317 summum
1371 2265 1603 2319 victoria
1642 2269 1823 2331 nutat3

101 2336 192 2379 495
223 2334 619 2405 Anguicomam
657 2337 886 2390 monstri
927 2337 1186 2407 effigiem,
1228 2339 1544 2392 saevissima
1583 2339 1702 2393 visu

19 2395 46 2466 1
223 2407 354 2477 Ora,
393 2412 576 2462 movet
617 2410 725 2462 sive
764 2411 855 2463 ille
892 2409 1073 2464 Erebo
1116 2429 1209 2463 seu
1248 2412 1406 2465 finxit
1444 2413 1500 2465 in
1541 2417 1664 2467 actu

222 2481 524 2551 Temporis,
564 2482 845 2537 innumera
884 2487 1027 2538 certe
1065 2484 1352 2538 formidine
1392 2487 1598 2540 cultum
1823 2499 1907 2539 475

346 2632 431 2672 447
451 2626 543 2671 Vix
560 2628 632 2671 ter
647 2628 926 2674 Bernartius
949 2632 963 2687 ΙΙ
988 2635 1073 2674 449
1096 2628 1363 2686 eiectatque
1379 2637 1457 2675 PG
1472 2632 1605 2679 Leid.
1623 2631 1909 2686 iniectatque

223 2686 378 2729 80²1
401 2687 527 2743 11454
558 2686 786 2743 praetulit
815 2690 940 2735 codd.
973 2690 1087 2742 edd„
1122 2702 1234 2734 corr.
1267 2690 1575 2736 Baehrensius
1598 2694 1614 2748 n
1638 2695 1722 2735 459
1750 2703 1909 2746 presso

223 2749 300 2788 PG
330 2747 346 2802 ΙΙ
378 2750 460 2790 461
502 2744 637 2801 ignes
670 2750 702 2787 P
723 2747 740 2802 u
762 2750 848 2791 462
878 2748 989 2805 aget
1019 2752 1051 2790 P
1074 2750 1089 2805 Η
1113 2751 1200 2792 474
1239 2747 1289 2792 in
1327 2751 1455 2795 artus
1488 2756 1519 2793 P
1551 2751 1600 2793 in
1632 2751 1737 2793 astu
1760 2748 1911 2791 80²1

226 2805 323 2849 edd.
358 2818 439 2848 seu
478 2804 676 2848 finxerat
715 2806 848 2849 aestu
884 2807 1112 2851 Barthius
1151 2805 1333 2852 in-ictu
1364 2809 1422 2853 R.
1464 2810 1669 2867 Unyerus
1700 2807 1749 2851 in
1781 2809 1908 2852 astus

231 2863 482 2908 Muellerus
512 2863 562 2906 in
594 2864 701 2907 actu
733 2877 868 2910 anon.
900 2866 1108 2911 Heidelb.
1140 2866 1237 2911 coll.
1273 2868 1396 2913 XII
1431 2872 1523 2913 187

319 2944 342 2976 b
347 2954 458 2977 ΤΤΤΤΤ
483 2946 675 2979 Tannus.
1502 2946 1550 2983 ll
