1942 3190
115 180 186 232 28
691 179 742 225 Ρ.
774 178 1005 223 PAPINII
1039 176 1239 222 STATII

119 300 456 355 Oonsuerant
496 300 827 369 scissumque
865 318 1029 368 pecus
1067 302 1317 368 terraque
1355 298 1596 351 revulsas

117 375 278 428 Ferre
316 375 499 427 trabes
541 376 831 444 gratosque
870 374 968 427 deo
1007 375 1283 442 praestare
1323 372 1546 425 furores.

118 449 233 502 Lex
274 450 466 518 procul
506 449 586 501 ire
626 466 828 501 mares:
869 448 1034 500 iterat
1071 451 1361 516 praecepta
1397 444 1662 499 verendus

123 523 355 591 Ductor,
393 523 832 592 inaccessumque
871 522 1000 575 viris
1042 521 1267 574 edicitur
1306 523 1538 574 antrum.

122 597 238 651 Nec
281 597 415 650 satis
456 600 559 649 est:
601 599 712 649 stat
749 597 856 648 fine
897 597 1022 649 dato
1063 594 1353 648 metuenda
1393 592 1641 647 sacerdos
1734 604 1821 644 600

121 671 501 741 Exploratque
541 671 743 738 aditm,
782 689 849 723 ne
889 671 1009 740 quis
1049 672 1344 722 temerator
1384 669 1600 721 oberret

122 746 362 816 Agmine
400 745 650 798 femineo.
729 744 950 798 Tacitus
993 744 1098 797 sibi
1135 744 1257 796 risit
1296 742 1554 796 Achilles·

120 820 310 889 Illum,
349 820 625 889 virgineae
666 820 948 871 ducentem
988 819 1142 889 signa
1182 820 1429 870 catervae

122 893 430 964 Magnaque
471 894 682 946 difficili
722 893 1021 946 solventem
1059 892 1283 945 brachia
1322 893 1474 944 motu

125 968 226 1039 (Et
267 986 423 1021 sexus
463 969 668 1036 pariter
707 968 860 1019 decet
900 971 952 1019 et
991 966 1271 1020 mendacia
1309 963 1522 1035 matris)
1734 975 1820 1017 605

124 1041 395 1095 Mirantur
434 1043 672 1095 comites,
748 1040 862 1093 Nec
902 1042 1012 1094 iam
1051 1041 1415 1110 pulcherrima
1451 1039 1645 1092 turbae

122 1115 408 1169 Deidamia
449 1135 575 1168 suae
614 1117 935 1184 tantumque
975 1115 1194 1168 admota
1235 1115 1465 1183 superbo

123 1190 376 1244 Vincitur
415 1189 673 1258 Aeacide,
713 1192 972 1258 quantum
1010 1189 1211 1259 premit
1249 1189 1370 1257 ipsa
1410 1205 1635 1240 sorores,

125 1264 204 1318 Ut
244 1282 372 1316 vero
415 1282 442 1315 e
481 1264 639 1316 tereti
681 1263 898 1316 demisit
935 1263 1163 1315 nebrida
1203 1263 1343 1315 collo

123 1338 492 1406 Errantesque
534 1338 681 1390 sinus
721 1336 921 1389 hedera
960 1337 1180 1407 collegit
1222 1340 1275 1389 et
1315 1337 1422 1388 alte
1736 1345 1822 1387 610

125 1410 307 1465 Cinxit
345 1412 629 1480 purpureis
668 1412 922 1464 flaventia
960 1414 1206 1479 tempora
1245 1410 1399 1462 vittis

124 1485 488 1555 Vibravitque
529 1487 683 1556 gravi
721 1486 1032 1538 redimitum
1073 1484 1280 1537 missile
1321 1483 1533 1536 dextra:

123 1560 380 1613 Attonito
422 1563 533 1612 stat
571 1560 732 1612 turba
770 1562 916 1611 metu
926 1601 940 1628 7
981 1559 1255 1627 sacrisque
1294 1557 1496 1610 relictis

124 1634 290 1686 Illum
332 1634 537 1686 ambire
576 1633 712 1686 libet
748 1650 1056 1701 pronosque
1098 1633 1345 1685 attollere
1384 1631 1584 1683 vultus,

126 1707 295 1776 Talis,
321 1707 415 1759 ubi
441 1707 508 1759 ad
526 1706 741 1758 Thebas
767 1707 1087 1774 vultumque
1112 1707 1457 1773 animumque
1482 1702 1692 1756 remisit
1737 1714 1823 1756 615

123 1781 333 1834 Euhius
376 1784 430 1833 et
469 1780 647 1849 patrio
689 1780 914 1833 satiavit
951 1782 1172 1848 pectora
1210 1780 1363 1847 1111111,
1612 1775 1614 1777 ’

127 1854 285 1908 Serta
323 1854 492 1908 comis
532 1855 858 1922 mitramque
897 1854 1043 1907 levat
1079 1853 1436 1922 thyrsumque
1474 1851 1741 1905 virentem

125 1929 322 1981 Armat
361 1930 415 1980 et
453 1927 680 1980 hostiles
719 1928 910 1980 invisit
948 1927 1142 1981 fortior
1180 1926 1359 1980 Indos.

278 2001 583 2055 Scandebat
622 2020 775 2055 roseo
816 2001 979 2054 medii
1016 2001 1244 2070 fastigia
1284 2000 1422 2052 caeli

125 2076 283 2129 Luna
322 2077 450 2146 iugo
461 2118 475 2146 7
514 2076 648 2129 totis
687 2076 781 2128 ubi
823 2093 1042 2127 somnus
1082 2075 1308 2127 inertior
1348 2074 1445 2125 alis
1739 2084 1828 2127 620

125 2150 334 2204 Defluit
371 2151 429 2202 in
468 2153 640 2203 terras
682 2153 995 2217 mutumque
1036 2148 1383 2216 amplectitur
1422 2146 1630 2199 orbem:
1904 2152 1906 2155 “

128 2223 430 2278 Consedere
472 2223 623 2277 chori
661 2224 989 2292 paulumque
1028 2222 1261 2274 exercita
1300 2221 1461 2289 pulsu

127 2298 272 2350 Aera
311 2301 515 2367 tacent,
554 2301 738 2351 tenero
781 2316 901 2350 cum
942 2297 1088 2349 solus
1132 2296 1198 2348 ab
1240 2295 1455 2364 agmine
1495 2293 1737 2347 Achilles

129 2500 239 2531 vare
271 2490 354 2529 PH
384 2500 603 2531 revocare
636 2487 770 2531 ceteri
790 2486 794 2545 l
815 2485 1094 2542 triethyrida
1110 2488 1142 2527 P
1160 2483 1397 2528 trieterica
1421 2483 1553 2527 ceteri
1575 2482 1820 2527 trieterida

128 2574 244 2605 corr
266 2560 539 2616 Gronovius,
564 2561 622 2613 cf.
654 2544 788 2604 Theb.
808 2558 895 2603 IV
909 2561 1005 2605 722
1039 2556 1151 2602 VII
1173 2561 1232 2602 93
1258 2557 1346 2600 IX
1367 2560 1460 2601 480
1485 2555 1597 2602 Silv.
1616 2557 1745 2611 116,
1763 2559 1825 2601 72

130 2624 215 2663 596
250 2619 541 2676 spissumque
570 2623 602 2661 P
633 2620 648 2675 ΙΙ
681 2624 767 2663 598
814 2619 913 2662 Rex
939 2623 971 2660 P
1008 2618 1024 2674 ΙΙ
1071 2621 1156 2662 599
1201 2616 1415 2660 educitur
1437 2620 1498 2658 Pt
1542 2616 1558 2673 ΙΙ
1604 2620 1692 2660 600
1726 2615 1827 2660 Nec

128 2679 241 2722 satis
274 2680 371 2722 stat
401 2679 471 2722 est
502 2682 534 2719 P
562 2678 567 2735 Ι
595 2678 691 2721 vite
717 2679 828 2722 data
852 2677 1135 2721 Schraderus
1158 2677 1173 2733 ΙΙ
1198 2680 1278 2719 601
1307 2675 1497 2719 habitus
1514 2673 1826 2741 Schraderusss

130 2742 215 2781 602
250 2736 341 2781 sibi
371 2737 474 2781 risit
505 2741 537 2778 P
571 2737 761 2781 subrisit
791 2737 923 2780 ceterz
953 2737 969 2793 ss
1002 2740 1086 2780 609
1127 2748 1152 2778 e
1183 2734 1320 2778 tereti
1351 2738 1436 2850 PII¹
1469 2747 1524 2778 ex
1553 2732 1692 2777 tereti
1724 2738 1746 2775 t
1777 2734 1825 2777 et

127 2796 267 2840 tereti
315 2800 389 2850 Gp
462 2795 603 2839 tereti
655 2800 713 2838 Pe
732 2801 768 2837 D
786 2796 914 2840 Leia.
1004 2808 1032 2838 a
1076 2793 1215 2838 tereti
1261 2794 1358 2838 edd.
1517 2790 1696 2836 dimisit
1740 2795 1786 2833 n
1809 2790 1826 2908 Η

130 2860 215 2899 618
261 2855 423 2900 invisit
453 2859 552 2897 PPc
568 2854 698 2899 Leid.
725 2855 923 2898 Gronov.
957 2852 1131 2897 invasit
1170 2853 1238 2896 vel
1275 2795 1458 2897 invadit
1487 2855 1532 2894 Μ
1563 2851 1661 2896 edd.
1691 2853 1792 2894 vett.

129 2918 213 2959 619
240 2913 375 2958 niveo
411 2914 629 2958 Menkius
