2008 3198
203 155 275 208 90
779 152 828 198 P.
862 151 1090 197 PAPINII
1121 134 1316 197 STATII

202 274 534 345 Degenerat,
573 273 668 327 sed
706 273 862 342 lapsa
902 274 1010 327 situ
1047 272 1287 339 fortuna,
1325 290 1497 342 neque
1536 271 1740 326 addunt

201 348 389 402 Robur
429 366 581 417 opes3
622 365 774 400 rarus
813 347 996 401 vacuis
1035 346 1316 399 habitator
1352 345 1410 398 in
1448 346 1590 400 arvis
1803 354 1887 398 150

201 421 478 476 Monstrat
518 418 819 490 Cyclopum
858 420 1046 474 ductas
1087 419 1375 473 sudoribus
1414 437 1576 473 arces.

201 495 313 549 Dat
349 498 535 549 tamen
571 495 705 548 haec
743 495 996 548 iuvenum
1032 496 1335 547 tercentum
1373 495 1615 562 pectora,
1651 492 1850 562 vulgus

200 568 550 623 Innumerum
588 568 758 637 bello,
798 568 993 638 quibus
1030 568 1167 621 haut
1207 570 1479 620 ammenta
1515 583 1614 620 nec
1653 583 1807 620 enses

201 643 380 696 Triste
418 643 643 695 micant:
682 642 854 695 flavae
893 641 1060 711 capiti
1098 645 1358 711 tergoque
1395 640 1614 693 leonum

199 716 443 770 Exuviae
483 716 702 787 gentilis
742 716 912 769 honos
922 758 936 785 ,
976 718 1031 769 et
1068 715 1258 784 pineus
1301 716 1476 767 armat
1804 722 1888 765 155

202 788 404 860 Stipes,
442 789 777 843 inexhaustis
818 791 1066 843 artantur
1102 789 1214 841 tela
1251 787 1538 857 pharetris,

200 863 526 918 Herculeum
565 881 774 932 paeana
814 866 1032 932 canunt,
1072 864 1392 930 vastataque
1430 859 1688 914 monstris

202 936 422 1008 Omnia3
461 937 719 990 frondosa
757 938 982 1007 longum
1021 936 1149 988 deus
1190 934 1339 988 audit
1379 935 1446 988 ab
1487 933 1642 987 Oeta.

200 1011 313 1064 Dat
350 1010 557 1064 Nemea
595 1011 817 1064 comites
827 1052 840 1079 ,
881 1013 936 1063 et
976 1027 1110 1079 quas
1150 1009 1208 1062 in
1245 1008 1452 1078 proelia
1481 1007 1623 1061 vires

203 1082 367 1138 Sacra
406 1083 663 1138 Cleonaei
701 1087 904 1154 cogunt
941 1084 1126 1137 vineta
1164 1081 1447 1135 Molorchi.
1806 1090 1891 1133 160

203 1157 392 1211 Gloria
429 1161 562 1211 nota
601 1176 780 1223 casae,
811 1158 1020 1210 foribus
1062 1157 1318 1209 simulata
1358 1155 1584 1225 salignis

201 1230 450 1300 Hospitis
493 1250 644 1284 arma
683 1232 790 1300 dei,
828 1248 1101 1300 parvoque
1142 1229 1446 1283 ostenditur
1485 1245 1638 1295 arvo,

201 1304 390 1358 Robur
427 1305 520 1357 ubi
560 1309 615 1358 et
653 1306 806 1358 laxos
847 1323 952 1374 qua
990 1303 1335 1357 reclinaverit
1373 1319 1527 1355 arcus

200 1377 353 1444 llice,
394 1396 501 1447 qua
539 1378 711 1431 cubiti
751 1378 974 1431 sedeant
1011 1377 1247 1446 vestigia
1284 1378 1444 1428 terra.

276 1451 354 1504 At
391 1452 555 1520 pedes
597 1455 652 1505 et
689 1455 808 1505 toto
849 1451 1171 1521 despectans
1210 1450 1410 1502 vertice
1450 1447 1653 1500 bellum
1807 1456 1890 1499 165

202 1523 470 1587 Quattuor
508 1525 786 1580 indomitis
828 1524 1107 1594 Capaneus
1147 1526 1332 1592 erepta
1370 1521 1612 1575 iuvencis

203 1597 378 1669 Terga
419 1617 683 1668 superque
723 1600 905 1667 rigens
944 1599 1143 1650 iniectu
1182 1597 1344 1649 molis
1385 1613 1550 1648 aenae

202 1670 404 1725 Versat
443 1691 600 1741 onus3
643 1673 857 1741 squalet
895 1671 1100 1740 triplici
1137 1687 1351 1722 ramosa
1391 1686 1588 1721 corona

200 1744 391 1814 Hydra
428 1763 613 1798 recens
655 1746 828 1799 obitu:
867 1763 993 1814 pars
1035 1744 1302 1813 anguibus
1343 1760 1536 1811 aspera
1574 1738 1715 1794 vivis

202 1817 449 1888 Argento
491 1820 701 1873 caelata
740 1819 923 1886 micat,
963 1835 1089 1886 pars
1130 1820 1246 1870 arte
1285 1815 1579 1885 *reperta*
1807 1825 1892 1866 170

328 1998 412 2038 154
437 2008 535 2050 sqq.
573 1993 766 2038 ‘flavent
793 2019 845 2024 —
870 1991 1123 2049 pharetris'
1161 1990 1333 2034 schol.
1367 1988 1511 2033 Theb.
1543 1987 1607 2032 XI
1638 1991 1696 2033 45
1725 2001 1772 2044 p.
1805 1989 1892 2032 376

203 2052 253 2096 L.
289 2079 344 2085 -—
381 2058 479 2098 165.
531 2054 600 2098 ‘et
645 2053 746 2095 toto
781 2078 835 2084 —
867 2051 1064 2095 bellum’
1116 2049 1264 2094 Serv.
1315 2048 1377 2092 ad
1421 2047 1536 2092 Aen.
1584 2045 1672 2091 VH
1719 2050 1806 2091 784
1844 2045 1894 2089 et

201 2111 266 2155 XI
298 2117 397 2157 683.

326 2276 410 2315 149
459 2271 620 2327 elapsa
673 2275 705 2312 P
740 2273 746 2327 Ι
780 2282 867 2313 1166
916 2269 1171 2313 Muellerus
1207 2268 1222 2324 ΙΙ
1263 2271 1344 2312 151
1402 2267 1604 2310 structas
1650 2265 1893 2322 Hauptius

207 2329 402 2374 eductas
443 2332 559 2375 coni.
603 2330 859 2373 Muellerus
896 2329 992 2373 coll.
1019 2327 1145 2380 Sile.
1195 2327 1239 2371 V
1274 2330 1324 2381 3,
1355 2330 1417 2371 48
1447 2327 1463 2382 ΙΙ
1496 2330 1579 2370 152
1619 2325 1893 2381 turgentum

205 2389 456 2433 Muellerus
479 2390 494 2446 ΙΙ
520 2392 605 2433 154
643 2387 793 2432 flavae
824 2392 856 2430 P
887 2386 1061 2431 flavent
1091 2386 1223 2432 ceteri
1244 2386 1259 2442 ΙΙ
1287 2390 1370 2429 157
1397 2385 1688 2440 vacuataque
1713 2382 1891 2428 Friese-

204 2461 403 2492 marmus
432 2449 621 2504 improb.
652 2447 842 2491 Menkio
864 2448 945 2503 qui
968 2447 1101 2502 affert
1134 2445 1266 2489 Theb.
1302 2444 1401 2487 III
1426 2446 1518 2489 576
1542 2442 1629 2487 IV
1647 2444 1744 2488 29⁷
1764 2443 1781 2500 ΙΙ
1806 2445 1891 2486 159

205 2505 400 2550 comites
434 2518 700 2561 aequasque
739 2507 824 2561 (vel
863 2505 1166 2561 cunctasque)
1196 2504 1246 2547 in
1276 2501 1458 2560 proelia
1490 2501 1856 2547 Sandetroemius
1877 2498 1894 2558 Η

208 2570 294 2611 160
333 2564 523 2609 dumeta
563 2565 921 2609 Friesemauuus
951 2565 966 2622 ΙΙ
999 2565 1240 2607 161-164
1273 2575 1425 2606 versus
1455 2561 1723 2606 subditicios
1755 2562 1894 2616 putat

208 2625 461 2670 Muellerus
484 2626 498 2681 ΙΙ
524 2628 608 2668 163
634 2637 724 2683 que
748 2628 780 2666 P
804 2625 818 2680 ΙΙ
844 2627 927 2668 165
951 2622 1095 2679 pedes
1120 2621 1244 2665 elato
1261 2620 1589 2666 Lachmwrmus
1614 2622 1622 2675 Ι
1649 2616 1895 2674 despectat

207 2696 400 2740 corpore
441 2682 560 2727 Serv.
596 2684 709 2726 Aeu.
754 2682 864 2725 VII
889 2685 982 2726 784
1011 2678 1302 2725 transcendit
1333 2691 1525 2736 corpore
1555 2679 1620 2722 id.
1655 2675 1743 2720 XI
1766 2673 1893 2732 68311

210 2746 292 2787 167
324 2741 551 2786 iniectum
581 2741 804 2785 Heinsius
826 2743 841 2797 ΙΙ
867 2745 952 2784 170
982 2739 1169 2796 reperta
1198 2739 1324 2783 codd.
1363 2739 1490 2781 torre
1528 2747 1740 2793 repressa
1767 2733 1891 2778 Bar-

207 2801 330 2846 thius
361 2802 461 2845 arte
492 2813 686 2844 recurva
713 2800 1038 2844 Lachma‘nuus
1067 2798 1245 2843 retorta
1277 2798 1361 2853 (vel
1384 2796 1612 2852 repressa)
1641 2793 1892 2838 Muellerus

206 2861 390 2903 resecta
420 2860 728 2904 Baehreusius
