2028 3190
190 153 300 207 264
765 156 813 201 P.
847 154 1072 218 PAPINH
1103 157 1294 203 sTATn

193 275 384 328 Telum
423 275 659 329 immane
698 280 870 347 rotat3
910 279 1001 331 sed
1041 277 1170 331 ferri
1209 279 1412 333 lumine
1451 280 1566 335 diro

187 349 460 402 Turbatus
502 351 717 419 sonipes
759 370 874 404 sese
914 352 1297 421 dominumque
1335 355 1558 408 retorsit

186 422 251 475 In
290 424 434 476 latus
476 426 637 494 atque
677 425 886 478 avidam
927 426 1237 480 transmisit
1276 427 1459 481 devius
1497 428 1731 485 hastam.

186 496 380 550 Aerior
416 497 518 551 hoc
557 498 804 552 iuvenem
845 501 1036 554 stricto
1076 518 1330 554 mucrone
1369 503 1592 570 petebat
1789 514 1870 558 805

186 570 487 640 Amphion,
529 590 649 625 cum
690 592 745 626 se
783 575 962 628 medio
1001 573 1233 628 Latonia
1273 593 1462 644 eampo

136 691 139 693 .
184 644 317 697 Ieoit
357 649 411 698 et
451 649 574 699 ante
615 648 798 702 oeulos
839 667 1024 702 omnes
1066 649 1220 702 stetit
1260 649 1422 702 obvia
1459 651 1628 704 vultu,

185 717 462 773 Haerebat
500 720 683 774 iuveni
725 722 1006 776 devinctus
1046 741 1227 776 amore
1265 723 1460 791 pudico

183 791 485 847 Maenalius
524 794 790 866 DorceuS,
831 796 915 849 eui
954 797 1099 849 bella
1139 815 1400 866 suumque
1439 798 1690 853 timorem

183 866 360 920 Mater
401 871 455 920 et
495 869 722 923 audaces
762 871 915 939 pueri
954 870 1306 924 mandaverat
1347 890 1530 927 annos.
1784 885 1874 927 810

182 940 360 994 Huius
399 946 516 995 tum
553 944 709 996 vultu
749 945 848 997 dea
889 945 1227 999 dissimulata
1266 945 1536 1014 profatur:

183 1013 490 1070 ‘Hactenus
533 1016 775 1087 Ogygias
816 1019 950 1071 satis
990 1019 1277 1072 infestasse
1317 1022 1583 1091 catervas,

182 1088 615 1159 Parthenopaee‚
656 1093 811 1160 satis3
851 1093 1079 1146 miserae
1118 1094 1228 1146 iam
1267 1111 1426 1162 parce
1465 1095 1698 1163 parenti,

180 1162 347 1217 Parce
388 1165 519 1229 deis,
562 1166 882 1235 quioumque
921 1166 1139 1220 favent?
1215 1166 1330 1220 Nee
1369 1168 1592 1221 territus
1633 1169 1750 1222 ille:

183 1236 367 1290 ‘Hune
400 1239 512 1291 sine
538 1257 622 1291 me
649 1237 778 1310 (non
803 1241 961 1308 plura
984 1239 1207 1311 petam),
1238 1241 1494 1294 fidissime
1519 1241 1751 1311 Dorceu,
1783 1254 1872 1296 815

181 1310 427 1365 Sternere
465 1312 639 1382 humi,
681 1314 772 1382 qui
811 1315 920 1366 tela
959 1315 1092 1367 meis
1134 1315 1277 1384 gerit
1316 1316 1528 1368 aemula
1564 1316 1691 1369 telis

178 1384 253 1438 Et
292 1386 497 1440 similes
537 1387 714 1440 cultus
757 1390 811 1440 et
849 1388 1003 1440 frena
1044 1389 1293 1442 sonantia
1330 1390 1516 1443 iactat.

178 1456 355 1513 Frena
393 1479 605 1532 regam,
646 1462 823 1515 cultus
865 1462 1080 1516 Triviae
1119 1462 1425 1531 pendebitis
1467 1464 1579 1516 alto

178 1533 411 1604 Limine,
451 1536 682 1604 captivis
723 1539 952 1589 matrem
993 1536 1204 1589 donabo
1244 1536 1553 1605 pharetris?

179 1608 370 1661 Audiit
410 1612 465 1662 et
503 1610 672 1661 mixto
713 1609 835 1662 risit
874 1609 1104 1663 Latonia
1143 1611 1287 1663 fietu.
1782 1625 1875 1666 820

253 1682 481 1735 Viderat
518 1682 661 1736 hane
700 1683 837 1735 caeli
875 1683 1185 1736 iamdudum
1223 1685 1279 1736 in
1317 1685 1473 1753 parte
1512 1687 1724 1737 remota

180 1755 469 1809 Gradivum
511 1757 792 1825 complexa
830 1756 1038 1826 Venus,
1078 1757 1311 1827 dumque
1352 1757 1511 1810 anxia
1552 1756 1765 1812 Thebas

179 1827 581 1883 Commemorat
620 1829 987 1900 Cadmumque
1027 1832 1142 1885 viro
1184 1849 1444 1901 caraeque
1482 1835 1709 1901 nepotes

177 1902 534 1969 Harmoniae,
572 1923 820 1973 pressum
859 1906 1027 1958 tacito
1070 1905 1169 1958 sub
1211 1906 1368 1959 corde
1409 1905 1647 1958 dolorem

178 1977 527 2047 Tempestiva
544 1982 747 2032 movet:
775 1977 993 2032 tNonne
1010 1979 1164 2048 hano,
1184 1979 1431 2049 Gradive,
1448 1983 1757 2047 protervam
1783 1993 1873 2035 825

180 2052 512 2121 Virginitate
553 2053 700 2105 vides
740 2054 971 2105 mediam
1013 2072 1070 2106 se
1109 2053 1248 2107 ferre
1288 2054 1527 2109 virorum

178 2125 471 2179 Coetibus‘?
512 2129 676 2195 utque
717 2127 858 2179 acies
900 2127 1073 2179 audax
1114 2130 1169 2180 et
1206 2126 1410 2180 Martia
1450 2129 1605 2198 signa

177 2199 499 2267 Temperet?
541 2218 608 2252 en
648 2200 812 2252 etiam
853 2200 1021 2252 donat
1058 2201 1389 2270 praebetque
1428 2200 1696 2254 necandos

177 2272 284 2326 Tot
323 2277 513 2325 nostra
553 2273 615 2324 de
658 2276 817 2342 gente
857 2274 1018 2327 viros,
1093 2273 1235 2326 Huic
1274 2274 1475 2327 tradita
1514 2274 1711 2343 virtUS,

176 2345 318 2399 Huic
357 2345 542 2399 furor‘?
583 2349 828 2416 agrestes
862 2351 1107 2416 superest
1139 2347 1243 2400 tibi
1273 2348 1438 2417 figere
1471 2347 1747 2402 dammas?
1781 2362 1872 2403 830

177 2420 416 2474 Desiluit
456 2420 615 2473 iustis
657 2423 958 2474 commotus
999 2422 1055 2473 in
1095 2440 1245 2475 arma
1284 2422 1536 2491 querellis

177 2494 535 2564 BellipotenS‚
577 2495 659 2546 oui
702 2495 818 2547 sola
857 2511 1053 2564 vagum
1094 2513 1191 2564 per
1230 2497 1388 2549 inane
1428 2497 1604 2549 ruenti

297 2645 381 2685 802
423 2640 584 2695 portat
621 2643 654 2682 B
694 2654 749 2683 m.
779 2654 853 2696 pr.
885 2644 1022 2697 parat
1052 2645 1084 2683 B
1117 2656 1173 2685 m.
1206 2654 1289 2685 sec.
1326 2641 1516 2686 ‘rectius
1549 2642 1664 2686 Mss.
1696 2641 1863 2696 parat'

177 2700 402 2744 Heinsius
438 2700 454 2754 ΙΙ
493 2703 579 2743 807
620 2697 738 2742 Ieoit
769 2700 818 2742 et
846 2705 878 2742 P
910 2699 1050 2743 Inicit
1081 2701 1213 2744 ceteri
1241 2703 1245 2754 Ι
1275 2713 1433 2743 omnes
1465 2705 1498 2742 P
1530 2698 1657 2744 omni
1689 2700 1822 2744 ceteri

181 2758 335 2801 omnia
365 2758 499 2802 vultu
523 2763 554 2800 P
578 2759 593 2814 ΙΙ
617 2762 699 2802 811
735 2757 915 2801 vultum
940 2763 1052 2812 pGT
1077 2760 1173 2803 cdd.
1199 2763 1300 2803 vett.
1326 2758 1376 2801 in
1408 2758 1588 2802 vultum
1611 2758 1837 2802 Bao-thius
1863 2757 1869 2815 Ι

178 2822 264 2861 815
296 2831 450 2862 versus
480 2818 532 2861 in
555 2822 587 2860 P
617 2831 711 2860 non
736 2818 899 2873 leyitur
922 2819 938 2873 11
962 2822 1047 2862 816
1079 2817 1210 2871 meis,
1244 2818 1303 2861 αῖ.
1330 2832 1386 2862 m.
1409 2830 1639 2872 suprascr.
1664 2818 1685 2858 Ῐ
1710 2816 1803 2859 suis
1830 2830 1866 2860 s.

175 2876 329 2931 parth.
365 2881 396 2918 P
420 2878 435 2933 ss
460 2880 543 2921 819
579 2874 789 2920 Culmine
824 2877 1137 2921 Marklandus
1160 2878 1174 2932 ΙΙ
1200 2880 1282 2920 831
1316 2874 1535 2921 Dissiluit
1564 2879 1596 2917 P
1627 2874 1737 2919 Beh.
