2008 3198
683 212 1024 258 THEBAIDos
1056 212 1166 258 Lm.
1199 212 1258 260 V.
1456 263 1473 281 ,
1709 210 1817 265 123

121 338 239 393 Nec
277 337 342 391 de
381 354 531 390 more
571 352 752 389 cruor:
790 336 983 387 natum
1022 332 1327 403 Charopeia
1367 333 1600 386 coniunx

124 411 367 482 Obtulit,
407 410 698 479 accingunt
737 426 854 462 sese
893 410 948 460 et
986 407 1245 461 mirantia
1283 407 1426 460 ferro
1735 419 1819 459 160

121 485 352 540 Pectora
390 483 769 555 congestisque
811 482 998 535 avidae
1038 481 1200 534 simul
1238 481 1473 550 undique
1514 479 1718 533 dextris

124 558 501 628 Perfringunt,
542 575 603 610 ac
642 556 797 609 dulce
834 555 988 608 nefas
1027 555 1087 608 in
1126 555 1385 624 sanguine
1424 554 1547 607 vivo

122 632 445 701 Coniurant,
485 634 820 700 matremque
858 646 1045 682 recens
1087 629 1436 682 circumvolat
1473 627 1682 681 umbra.

125 706 282 761 Talia
320 705 559 760 cernenti
597 704 732 756 mihi
772 705 1006 772 quantus
1046 702 1104 755 in
1143 701 1356 755 ossibus
1395 701 1613 770 horror,

126 780 325 844 Quisve
364 798 462 849 per
500 797 597 832 ora
635 777 810 830 color!
851 776 1025 846 qualis
1066 794 1189 829 cum
1228 793 1387 829 cerva
1426 775 1662 829 cruentis
1737 787 1821 829 165

124 853 504 909 Circumventa
541 852 684 920 lupis
694 893 708 920 ,
746 851 959 904 nullum
999 850 1082 903 cui
1120 853 1340 919 pectore
1380 849 1535 902 molli

123 928 310 982 Robur
350 930 404 980 et
441 927 500 979 in
537 924 747 979 volucri
785 924 963 977 tenuis
1003 923 1206 977 fiducia
1240 941 1422 991 curSU,

125 1001 457 1071 Praecipitat
495 1017 755 1068 suspensa
793 998 1005 1069 fugam,
1042 998 1155 1062 iam
1187 997 1405 1066 iamque
1444 996 1617 1049 teneri

124 1073 312 1129 Credit
350 1077 405 1128 et
444 1074 624 1127 elusos
665 1072 817 1125 audit
856 1089 1171 1125 concurrere
1212 1088 1440 1124 morsus

122 1148 216 1202 Illi
255 1149 501 1217 aderant3
541 1147 731 1217 primis
771 1147 989 1215 iamque
1029 1144 1298 1198 offendere
1338 1143 1553 1198 carinae
1738 1156 1823 1196 170

121 1221 420 1291 Litoribus,
460 1224 672 1275 certant
711 1220 854 1273 saltu
896 1220 1207 1289 contingere
1245 1221 1449 1271 terram

125 1296 474 1365 Praecipites,
549 1294 758 1362 Miseri,
799 1311 932 1362 quos
972 1312 1083 1346 non
1124 1295 1218 1346 aut
1256 1291 1478 1345 horrida
1516 1290 1690 1344 virtus

127 1369 303 1423 Marte
343 1369 442 1422 sub
484 1368 736 1437 Odrysio,
778 1370 871 1420 aut
909 1367 1071 1419 medii
1110 1365 1456 1419 inclementia
1495 1365 1652 1435 ponti

126 1442 410 1496 Hauserit!
450 1441 584 1495 Alta
623 1442 788 1493 etiam
829 1458 1082 1508 superum
1123 1439 1347 1492 delubra
1386 1440 1654 1507 vaporant

126 1516 536 1585 Promissasque
566 1514 793 1568 trahunt
823 1514 1076 1583 pecudes:
1115 1514 1270 1582 niger
1303 1512 1554 1565 omnibus
1590 1511 1698 1565 aris
1740 1523 1823 1564 175

124 1589 300 1661 Ignis,
340 1593 394 1642 et
430 1590 487 1642 in
524 1589 692 1641 nullis
735 1588 908 1658 spirat
947 1588 1076 1640 deus
1116 1587 1328 1656 integer
1367 1586 1519 1638 extis.

69 1666 81 1675 ‘
126 1663 356 1718 Tardius
396 1663 605 1716 umenti
643 1666 867 1715 noctem.
898 1661 1089 1714 deiecit
1128 1660 1359 1729 Olympo

125 1737 373 1808 Iuppiter
411 1740 466 1790 et
502 1755 716 1790 versum
757 1735 902 1804 miti,
940 1753 1086 1804 reor,
1127 1734 1348 1787 aethera
1387 1751 1514 1787 cura

129 1809 423 1875 Sustinuit,
462 1811 589 1862 dum
627 1810 744 1862 fata
782 1812 953 1878 vetat,
991 1826 1091 1862 nec
1128 1807 1346 1877 longius
1386 1824 1646 1876 umquam

130 1883 422 1938 Cessavere
460 1901 631 1936 novae
670 1882 911 1950 perfecto
956 1883 1068 1934 sole
1107 1881 1398 1933 tenebrae„
1739 1892 1824 1932 180

132 1955 265 2011 Sera
301 1960 488 2010 tamen
528 1956 728 2008 mundo
768 1958 1033 2008 venerunt
1074 1958 1242 2022 astra,
1282 1952 1375 2006 sed
1415 1953 1527 2005 illis

128 2030 206 2083 Et
243 2029 412 2083 Paros
452 2033 506 2082 et
543 2047 832 2082 nemorosa
870 2028 1078 2081 Thasos
1119 2027 1443 2095 crebraeque
1482 2026 1726 2079 relucent

131 2102 413 2174 Cyclades3
453 2122 561 2156 una
600 2103 755 2173 gravi
793 2103 1008 2172 penitus
1048 2102 1186 2154 latet
1226 2101 1421 2154 obruta
1460 2100 1607 2153 caelo

128 2177 386 2242 Lemnos,
419 2178 477 2230 in
499 2178 640 2230 hanc
664 2177 848 2229 tristes
872 2175 1119 2244 nebulae,
1149 2178 1202 2227 et
1225 2175 1391 2245 plaga
1416 2191 1573 2227 caeca
1598 2190 1826 2242 superne

130 2251 375 2316 Texitur,
414 2270 522 2304 una
560 2250 716 2320 vagis
757 2249 989 2303 Lemnos
1029 2267 1140 2302 non
1179 2248 1366 2318 agnita
1404 2247 1601 2300 nautis,
1742 2259 1825 2299 185

130 2323 250 2378 Iam
289 2324 537 2378 domibus
576 2324 684 2376 fusi
724 2326 778 2375 et
816 2341 1099 2375 nemorum
1138 2339 1235 2390 per
1272 2339 1444 2389 opaca
1484 2338 1762 2373 sacrorum

131 2397 352 2451 Ditibus
392 2398 676 2467 indulgent
716 2396 888 2466 epulis
929 2399 1264 2464 vacuantque
1304 2394 1572 2463 profundo

132 2470 344 2523 Aurum
375 2471 609 2523 immane
642 2488 805 2539 mero,
838 2470 965 2522 dum
998 2487 1132 2539 quae
1157 2486 1254 2537 per
1279 2466 1575 2536 Strymona
1598 2483 1828 2537 pugnae,

135 2543 268 2607 Quis
308 2543 568 2612 Rhodope
609 2544 852 2613 gelidove
893 2543 1049 2596 labor
1090 2542 1313 2595 sudatus
1347 2541 1404 2593 in
1441 2540 1677 2609 Haemo,

133 2616 467 2670 Enumerare
499 2619 669 2670 vacat.
730 2617 845 2671 Nec
875 2635 1007 2685 non,
1047 2633 1238 2668 manus
1271 2615 1461 2684 impia,
1498 2617 1701 2683 nuptae
1744 2625 1829 2665 190

255 2752 340 2791 159
366 2745 585 2803 caropeia
607 2748 730 2803 run
760 2751 839 2791 161
875 2744 1111 2802 congestis
1145 2747 1244 2803 (om.
1279 2749 1387 2801 que)
1421 2745 1459 2789 d
1481 2746 1496 2801 ΙΙ
1522 2748 1605 2788 166
1638 2742 1831 2798 pectora

136 2811 169 2850 P
206 2809 222 2864 ΙΙ
263 2811 347 2851 169
386 2806 529 2850 audet
558 2809 590 2847 P
629 2806 644 2861 ΙΙ
684 2809 767 2850 179
815 2806 979 2849 vetant
1026 2805 1151 2849 codd.
1201 2805 1314 2859 edd„
1364 2817 1477 2850 corr.
1522 2802 1831 2845 Baehrensius

137 2865 315 2910 dabant
339 2863 638 2921 Madviyiusu
658 2868 740 2908 182
764 2877 904 2920 paros
932 2869 964 2906 P
983 2862 1181 2908 Gronov,
1212 2863 1395 2920 paphos
1419 2861 1574 2904 Beffl
1605 2858 1777 2916 pharos
1797 2863 1832 2902 G

138 2922 301 2968 Samos
332 2924 560 2968 Barthius
582 2924 597 2978 ΙΙ
624 2925 706 2966 185
738 2921 926 2967 lemnon
956 2928 988 2965 Ρ
