1942 3190
164 185 202 236 4
737 183 789 228 P.
821 182 1052 227 PAPINII
1084 181 1283 227 STATII

174 304 440 359 Certatim
478 305 663 356 laurus
705 300 861 373 (olim
903 302 1050 356 dolet
1090 302 1261 355 altera
1297 300 1464 373 vinci)

166 380 254 433 Da
293 379 509 432 veniam
549 395 610 429 ac
648 377 917 446 trepidum
957 379 1144 445 patere
1190 376 1294 429 hoc
1343 376 1536 428 sudare
1575 394 1866 445 parumper

165 453 415 506 Pulvere.
491 450 568 503 Te
607 451 775 520 longo
814 450 1042 503 necdum
1081 450 1279 503 fidente
1311 453 1509 518 paratu
1667 459 1674 469 ¹

166 527 425 581 Molimur
463 542 800 595 magnusque
839 524 945 577 tibi
981 523 1255 594 praeludit
1293 523 1555 577 Achilles.

242 599 494 654 Solverat
534 597 761 652 Oebalio
803 599 1030 651 classem
1069 598 1133 650 de
1173 598 1334 651 litore
1373 601 1560 666 pastor
1807 611 1864 652 20

166 674 457 729 Dardanus
497 673 743 725 incautas
783 673 981 725 blande
1019 672 1312 741 populatus
1352 672 1631 741 Amyclas,

168 750 445 818 Plenaque
487 747 722 800 materni
759 746 997 799 referens
1036 746 1326 815 praesagia
1365 746 1541 798 somni

172 822 468 892 Culpatum
507 820 785 889 relegebat
823 821 945 888 iter,
985 839 1091 890 qua
1130 820 1347 873 condita
1384 822 1555 887 ponto

167 896 454 950 Fluctibus
493 894 685 948 invisis
726 895 835 947 iam
874 893 1067 947 Nereis
1107 894 1342 962 imperat
1381 893 1563 946 Helle:

169 970 306 1024 Cum
346 969 537 1022 Thetis
577 967 768 1022 Idaeos
809 965 938 1039 (heu
975 986 1270 1037 numquam
1301 986 1442 1020 vana
1472 969 1760 1036 parentum
1811 978 1867 1020 25

169 1042 463 1115 Augurial)
505 1043 723 1111 expavit
762 1043 936 1095 vitreo
978 1042 1076 1095 sub
1117 1042 1333 1111 gurgite
1371 1059 1563 1094 remos.

168 1118 285 1172 Nec
323 1136 499 1186 mora,
541 1120 595 1169 et
634 1116 854 1169 undosis
894 1116 1059 1168 turba
1098 1116 1392 1168 comitante
1434 1133 1681 1168 sororum

170 1192 438 1246 Prosiluit
475 1190 753 1243 thalamis:
794 1190 1007 1243 fervent
1045 1190 1294 1242 coeuntia
1332 1189 1521 1242 Phrixi

168 1267 361 1319 Litora
400 1268 455 1317 et
494 1266 786 1333 angustum
827 1263 1073 1316 dominas
1112 1281 1224 1316 non
1263 1263 1499 1332 explicat
1537 1281 1751 1332 aequor.

169 1340 276 1393 Illa
315 1339 409 1392 ubi
448 1338 690 1391 discusso
730 1338 967 1407 primum
1009 1337 1156 1390 subit
1195 1355 1322 1390 aera
1359 1341 1560 1406 ponto:
1811 1349 1870 1390 30

170 1413 278 1467 ‘Me
317 1413 456 1483 petit
491 1412 641 1481 haec,
680 1412 816 1464 mihi
855 1410 1069 1464 classis'
1109 1411 1203 1480 ait,
1242 1410 1478 1464 ‘funesta
1516 1411 1769 1480 minatur,

170 1489 428 1558 Agnosco
469 1487 707 1539 monitus
749 1489 803 1538 et
839 1485 1042 1539 Protea
1081 1503 1209 1537 vera
1247 1485 1506 1538 locutum.

171 1562 314 1615 Ecce
355 1579 552 1614 novam
594 1559 812 1613 Priamo
852 1560 1061 1612 facibus
1102 1559 1165 1611 de
1204 1577 1386 1627 puppe
1423 1558 1620 1611 levatis

171 1636 300 1689 Fert
337 1633 569 1688 Bellona
606 1652 824 1686 nurum:
865 1633 1023 1685 video
1064 1633 1172 1684 iam
1213 1633 1361 1684 mille
1401 1632 1596 1684 carinis

172 1710 387 1763 Ionium
428 1707 812 1777 Aegaeumque
852 1706 1047 1776 premi3
1086 1724 1186 1758 nec
1226 1705 1442 1774 sufficit,
1482 1705 1658 1758 omnis
1813 1718 1870 1759 35

175 1783 331 1846 Quod
370 1782 537 1850 plaga
575 1780 946 1850 Graiugenum
984 1779 1206 1832 tumidis
1248 1779 1496 1832 coniurat
1535 1779 1767 1832 Atridis:

176 1857 298 1910 Iam
336 1855 534 1925 pelago
573 1855 838 1924 terrisque
878 1872 1029 1907 meus
1071 1857 1358 1923 quaeretur
1393 1853 1638 1907 Achilles

175 1931 251 1984 Et
290 1931 438 1984 volet
476 1930 591 1998 ipse
633 1930 796 1998 sequi.
874 1927 1013 1990 Quid
1052 1927 1197 1980 enim
1238 1927 1507 1980 cunabula
1543 1946 1712 1996 parvo

172 2005 366 2059 Pelion
406 2007 462 2057 et
500 2003 643 2057 torvi
684 2002 1050 2056 commisimus
1093 2004 1249 2054 antra
1287 2001 1574 2070 magistri?

173 2079 309 2148 Illic,
347 2079 405 2130 ni
444 2077 619 2146 fallor,
657 2076 1016 2146 Lapitharum
1054 2075 1262 2144 proelia
1301 2075 1441 2127 ludit
1813 2088 1872 2130 40

175 2151 463 2222 Improbus
506 2155 559 2203 et
595 2151 776 2220 patria
815 2150 922 2202 iam
964 2168 1020 2202 se
1061 2149 1281 2201 metitur
1320 2149 1376 2201 in
1414 2148 1588 2202 hasta.

302 2391 355 2431 17
404 2387 597 2431 suadere
635 2388 812 2429 Ptnn
854 2383 1021 2427 sudare
1045 2387 1115 2436 Gp
1160 2381 1373 2441 susssdere
1404 2381 1462 2424 (32
1509 2382 1693 2427 sordere
1723 2381 1873 2428 Baeh-

177 2446 361 2491 reusius
398 2447 414 2503 ΙΙ
464 2449 517 2490 18
564 2445 630 2489 Te
668 2443 874 2488 nondum
911 2443 1054 2499 longo
1087 2441 1257 2486 fidente
1288 2446 1324 2484 Ι)
1363 2441 1570 2486 nondum
1601 2442 1772 2487 fidente
1801 2441 1874 2501 ΠΗ

181 2510 236 2550 19
271 2505 508 2563 praeludit
537 2508 575 2547 A
593 2507 635 2547 Η
673 2501 922 2560 praeludat
950 2506 996 2544 Μ
1026 2500 1272 2558 praeludet
1301 2507 1321 2543 t
1343 2501 1358 2557 ΙΙ
1383 2505 1437 2544 21
1472 2500 1594 2546 clam
1619 2501 1879 2558 depopula-

180 2566 260 2608 tus
281 2564 501 2608 Meukius
515 2563 790 2619 (observati.
807 2576 858 2618 p.
880 2563 909 2605 5
924 2574 1014 2617 sqq.
1040 2561 1138 2605 coll.
1158 2559 1316 2604 Sidou.
1334 2559 1542 2616 Apolliu.
1561 2560 1651 2604 IX
1663 2563 1752 2604 114
1765 2573 1874 2617 sqq„

181 2624 265 2680 qui
311 2623 514 2668 Statium
559 2623 801 2677 imitatur).
834 2621 850 2677 ΙΙ
882 2625 939 2664 24
976 2619 1190 2663 inmersis
1221 2625 1241 2661 t
1269 2620 1285 2676 ΙΙ
1319 2623 1374 2663 25
1406 2619 1554 2664 idaeis
1584 2624 1617 2662 P
1638 2620 1655 2676 ΙΙ
1688 2623 1743 2663 27
1776 2619 1876 2664 Nec

184 2696 318 2727 mora
350 2682 408 2726 ab
441 2682 539 2726 edd.
564 2685 665 2725 vett.
705 2681 721 2736 ΙΙ
758 2678 997 2724 undisonis
1027 2683 1073 2721 M
1111 2679 1127 2734 ΙΙ
1165 2682 1222 2722 28
1261 2677 1454 2722 Prosilit
1483 2693 1512 2723 a
1542 2678 1764 2723 thalamis
1790 2681 1833 2721 Η
1859 2677 1875 2737 Η

189 2747 246 2786 30
271 2741 353 2785 ubi
377 2754 460 2787 om.
486 2745 518 2783 P
541 2742 557 2797 ΙΙ
581 2745 634 2784 31
662 2739 739 2783 Me
762 2738 898 2795 petit,
930 2739 1046 2782 haec
1092 2737 1210 2781 mihi
1256 2737 1418 2782 classis
1451 2738 1746 2794 distiuyuunt
1780 2740 1823 2780 11
1839 2741 1876 2780 G

180 2801 279 2845 cdd.
313 2803 414 2845 vett.
465 2801 471 2855 Ι
521 2800 712 2856 paratur
743 2799 850 2843 Αἶά.
891 2798 907 2854 ΙΙ
944 2811 1011 2842 υυ.
1044 2799 1227 2841 33-90
1266 2797 1429 2841 desunt
1465 2798 1518 2841 iu
1547 2803 1583 2840 1)
1630 2795 1688 2850 cf.
1713 2809 1873 2852 proyr.

183 2858 514 2903 Dommerichii
539 2873 588 2915 p.
617 2857 721 2901 XV
747 2871 793 2902 u.
819 2859 883 2902 20
907 2858 922 2912 11
946 2861 1002 2900 36
1035 2856 1248 2901 coniurat
1276 2855 1334 2915 {in
1372 2856 1511 2900 armis
1543 2859 1579 2898 G
1601 2855 1617 2912 ΙΙ
1641 2858 1696 2899 38
1726 2868 1875 2912 parva

183 2921 218 2959 G
241 2918 256 2973 ΙΙ
280 2923 336 2963 39
379 2916 670 2962 comissimus
702 2921 735 2959 P
758 2917 774 2973 ΙΙ
797 2921 853 2960 40
886 2915 954 2960 nil
983 2915 1124 2960 fallor
1154 2919 1187 2957 P
1209 2917 1225 2971 ΙΙ
