<?xml version="1.0" encoding="UTF-8"?>
<!DOCTYPE html PUBLIC "-//W3C//DTD XHTML 1.0 Transitional//EN"
    "http://www.w3.org/TR/xhtml1/DTD/xhtml1-transitional.dtd">
<html xmlns="http://www.w3.org/1999/xhtml" xml:lang="en" lang="en">
 <head>
  <title>
</title>
<meta http-equiv="Content-Type" content="text/html;charset=utf-8" />
  <meta name='ocr-system' content='tesseract 3.04.00' />
  <meta name='ocr-capabilities' content='ocr_page ocr_carea ocr_par ocr_line ocrx_word'/>
</head>
<body>
  <div class='ocr_page' id='page_1' title='image "./operapapinius212statuoft_0317.png"; bbox 0 0 2028 3190; ppageno 0'>
   <div class='ocr_carea' id='block_1_1' title="bbox 713 194 1875 249">
    <p class='ocr_par' dir='ltr' id='par_1_1' title="bbox 713 194 1875 249">
     <span class='ocr_line' id='line_1_1' title="bbox 713 194 1875 249; baseline 0.009 -10"><span class='ocrx_word' id='word_1_1' title='bbox 713 194 1057 241; x_wconf 87' lang='lat' dir='ltr'>THEBAIDOS</span> <span class='ocrx_word' id='word_1_2' title='bbox 1088 195 1198 241; x_wconf 91' lang='lat' dir='ltr'>LIB.</span> <span class='ocrx_word' id='word_1_3' title='bbox 1231 195 1350 241; x_wconf 89' lang='lat' dir='ltr'>VIII.</span> <span class='ocrx_word' id='word_1_4' title='bbox 1766 195 1875 249; x_wconf 80' lang='grc'>229</span> 
     </span>
    </p>
   </div>
   <div class='ocr_carea' id='block_1_2' title="bbox 184 314 1944 2460">
    <p class='ocr_par' dir='ltr' id='par_1_2' title="bbox 189 314 1875 389">
     <span class='ocr_line' id='line_1_2' title="bbox 189 314 1875 389; baseline 0.002 -21"><span class='ocrx_word' id='word_1_5' title='bbox 189 314 555 370; x_wconf 87' lang='lat' dir='ltr'>Transmittit:</span> <span class='ocrx_word' id='word_1_6' title='bbox 595 330 794 387; x_wconf 84' lang='lat' dir='ltr'>magno</span> <span class='ocrx_word' id='word_1_7' title='bbox 833 317 988 371; x_wconf 89' lang='lat' dir='ltr'>furor</span> <span class='ocrx_word' id='word_1_8' title='bbox 1026 321 1109 372; x_wconf 90' lang='lat' dir='ltr'>est</span> <span class='ocrx_word' id='word_1_9' title='bbox 1146 318 1202 371; x_wconf 92' lang='lat' dir='ltr'>in</span> <span class='ocrx_word' id='word_1_10' title='bbox 1244 318 1507 389; x_wconf 91' lang='lat' dir='ltr'>sanguine</span> <span class='ocrx_word' id='word_1_11' title='bbox 1547 317 1742 388; x_wconf 85' lang='lat' dir='ltr'><strong>mergi,</strong></span> <span class='ocrx_word' id='word_1_12' title='bbox 1788 329 1875 371; x_wconf 85' lang='lat'>595</span> 
     </span>
    </p>

    <p class='ocr_par' dir='ltr' id='par_1_3' title="bbox 185 388 1556 461">
     <span class='ocr_line' id='line_1_3' title="bbox 185 388 1556 461; baseline 0.001 -18"><span class='ocrx_word' id='word_1_13' title='bbox 185 388 302 444; x_wconf 90' lang='lat' dir='ltr'>Nec</span> <span class='ocrx_word' id='word_1_14' title='bbox 340 390 447 443; x_wconf 87' lang='lat' dir='ltr'>nisi</span> <span class='ocrx_word' id='word_1_15' title='bbox 485 391 763 461; x_wconf 90' lang='lat' dir='ltr'>regnantis</span> <span class='ocrx_word' id='word_1_16' title='bbox 806 392 1008 445; x_wconf 89' lang='lat' dir='ltr'>cervice</span> <span class='ocrx_word' id='word_1_17' title='bbox 1046 393 1359 447; x_wconf 82' lang='lat' dir='ltr'>recumbere</span> <span class='ocrx_word' id='word_1_18' title='bbox 1398 392 1556 446; x_wconf 84' lang='lat' dir='ltr'>tauri.</span> 
     </span>
    </p>

    <p class='ocr_par' dir='ltr' id='par_1_4' title="bbox 185 465 1585 536">
     <span class='ocr_line' id='line_1_4' title="bbox 185 465 1585 536; baseline -0.001 -16"><span class='ocrx_word' id='word_1_19' title='bbox 185 467 263 520; x_wconf 90' lang='lat' dir='ltr'>At</span> <span class='ocrx_word' id='word_1_20' title='bbox 300 483 411 520; x_wconf 89' lang='lat' dir='ltr'>non</span> <span class='ocrx_word' id='word_1_21' title='bbox 451 466 759 519; x_wconf 83' lang='lat' dir='ltr'>semianimi</span> <span class='ocrx_word' id='word_1_22' title='bbox 798 467 1032 519; x_wconf 89' lang='lat' dir='ltr'>clamore</span> <span class='ocrx_word' id='word_1_23' title='bbox 1071 465 1359 521; x_wconf 90' lang='lat' dir='ltr'>Menoecea</span> <span class='ocrx_word' id='word_1_24' title='bbox 1397 467 1585 536; x_wconf 89' lang='lat' dir='ltr'>lapsus</span> 
     </span>
    </p>

    <p class='ocr_par' dir='ltr' id='par_1_5' title="bbox 186 540 1608 611">
     <span class='ocr_line' id='line_1_5' title="bbox 186 540 1608 611; baseline -0.001 -16"><span class='ocrx_word' id='word_1_25' title='bbox 186 540 353 595; x_wconf 86' lang='lat' dir='ltr'>Fallit</span> <span class='ocrx_word' id='word_1_26' title='bbox 390 540 553 610; x_wconf 83' lang='lat' dir='ltr'>Atys:</span> <span class='ocrx_word' id='word_1_27' title='bbox 592 540 890 609; x_wconf 83' lang='lat' dir='ltr'>praevertit</span> <span class='ocrx_word' id='word_1_28' title='bbox 929 558 1094 610; x_wconf 88' lang='lat' dir='ltr'>equos</span> <span class='ocrx_word' id='word_1_29' title='bbox 1134 560 1398 611; x_wconf 90' lang='lat' dir='ltr'>curruque</span> <span class='ocrx_word' id='word_1_30' title='bbox 1438 541 1608 594; x_wconf 87' lang='lat' dir='ltr'>citato</span> 
     </span>
    </p>

    <p class='ocr_par' dir='ltr' id='par_1_6' title="bbox 184 614 1446 684">
     <span class='ocr_line' id='line_1_6' title="bbox 184 614 1446 684; baseline 0 -16"><span class='ocrx_word' id='word_1_31' title='bbox 184 615 409 683; x_wconf 82' lang='lat' dir='ltr'>Desilit3</span> <span class='ocrx_word' id='word_1_32' title='bbox 449 615 691 668; x_wconf 87' lang='lat' dir='ltr'>instabat</span> <span class='ocrx_word' id='word_1_33' title='bbox 728 614 898 683; x_wconf 82' lang='lat' dir='ltr'>pubes</span> <span class='ocrx_word' id='word_1_34' title='bbox 939 614 1186 684; x_wconf 86' lang='lat' dir='ltr'>Tegeaea</span> <span class='ocrx_word' id='word_1_35' title='bbox 1223 615 1446 684; x_wconf 87' lang='lat' dir='ltr'>iacenti,</span> 
     </span>
    </p>

    <p class='ocr_par' dir='ltr' id='par_1_7' title="bbox 185 687 1876 758">
     <span class='ocr_line' id='line_1_7' title="bbox 185 687 1876 758; baseline -0.002 -15"><span class='ocrx_word' id='word_1_36' title='bbox 185 690 301 744; x_wconf 89' lang='lat' dir='ltr'>Nec</span> <span class='ocrx_word' id='word_1_37' title='bbox 338 688 633 758; x_wconf 72' lang='lat' dir='ltr'>prohibent</span> <span class='ocrx_word' id='word_1_38' title='bbox 670 687 840 757; x_wconf 84' lang='lat' dir='ltr'>Tyrii.</span> <span class='ocrx_word' id='word_1_39' title='bbox 902 687 1159 758; x_wconf 73' lang='lat' dir='ltr'>‘Pudeat‚</span> <span class='ocrx_word' id='word_1_40' title='bbox 1200 687 1436 743; x_wconf 84' lang='lat' dir='ltr'>Cadmea</span> <span class='ocrx_word' id='word_1_41' title='bbox 1474 689 1747 757; x_wconf 82' lang='lat' dir='ltr'>iuventuS,</span> <span class='ocrx_word' id='word_1_42' title='bbox 1789 700 1876 740; x_wconf 92' lang='lat'>600</span> 
     </span>
    </p>

    <p class='ocr_par' dir='ltr' id='par_1_8' title="bbox 187 762 1690 833">
     <span class='ocr_line' id='line_1_8' title="bbox 187 762 1690 833; baseline -0.003 -16"><span class='ocrx_word' id='word_1_43' title='bbox 187 763 510 833; x_wconf 85' lang='lat' dir='ltr'>Terrigenas</span> <span class='ocrx_word' id='word_1_44' title='bbox 549 763 778 815; x_wconf 89' lang='lat' dir='ltr'>mentita</span> <span class='ocrx_word' id='word_1_45' title='bbox 815 764 1021 832; x_wconf 85' lang='lat' dir='ltr'>patres!</span> <span class='ocrx_word' id='word_1_46' title='bbox 1063 781 1169 832; x_wconf 93' lang='lat' dir='ltr'>quo</span> <span class='ocrx_word' id='word_1_47' title='bbox 1208 762 1451 816; x_wconf 88' lang='lat' dir='ltr'>tenditis&#39;</span> <span class='ocrx_word' id='word_1_48' title='bbox 1491 762 1690 831; x_wconf 89' lang='lat' dir='ltr'>inquit,</span> 
     </span>
    </p>

    <p class='ocr_par' dir='ltr' id='par_1_9' title="bbox 188 835 1722 909">
     <span class='ocr_line' id='line_1_9' title="bbox 188 835 1722 909; baseline -0.002 -18"><span class='ocrx_word' id='word_1_49' title='bbox 188 835 566 909; x_wconf 75' lang='lat' dir='ltr'>‘Degeneres‘?</span> <span class='ocrx_word' id='word_1_50' title='bbox 605 837 871 890; x_wconf 88' lang='lat' dir='ltr'>meliusne</span> <span class='ocrx_word' id='word_1_51' title='bbox 910 837 1051 890; x_wconf 90' lang='lat' dir='ltr'>iacet</span> <span class='ocrx_word' id='word_1_52' title='bbox 1089 856 1188 906; x_wconf 90' lang='lat' dir='ltr'>pro</span> <span class='ocrx_word' id='word_1_53' title='bbox 1230 837 1495 907; x_wconf 87' lang='lat' dir='ltr'>sanguine</span> <span class='ocrx_word' id='word_1_54' title='bbox 1533 838 1722 890; x_wconf 86' lang='lat' dir='ltr'>nostro</span> 
     </span>
    </p>

    <p class='ocr_par' dir='ltr' id='par_1_10' title="bbox 186 909 1878 982">
     <span class='ocr_line' id='line_1_10' title="bbox 186 909 1878 982; baseline -0.002 -17"><span class='ocrx_word' id='word_1_55' title='bbox 186 912 399 982; x_wconf 86' lang='lat' dir='ltr'>Hospes</span> <span class='ocrx_word' id='word_1_56' title='bbox 431 912 612 982; x_wconf 78' lang='lat' dir='ltr'>Atys?</span> <span class='ocrx_word' id='word_1_57' title='bbox 649 914 866 965; x_wconf 91' lang='lat' dir='ltr'>tantum</span> <span class='ocrx_word' id='word_1_58' title='bbox 904 911 1105 981; x_wconf 88' lang='lat' dir='ltr'>hospes</span> <span class='ocrx_word' id='word_1_59' title='bbox 1145 911 1320 965; x_wconf 89' lang='lat' dir='ltr'>adhuc</span> <span class='ocrx_word' id='word_1_60' title='bbox 1359 915 1414 965; x_wconf 89' lang='lat' dir='ltr'>et</span> <span class='ocrx_word' id='word_1_61' title='bbox 1453 910 1697 980; x_wconf 86' lang='lat' dir='ltr'>coniugis</span> <span class='ocrx_word' id='word_1_62' title='bbox 1729 909 1878 962; x_wconf 86' lang='lat' dir='ltr'>ultor</span> 
     </span>
    </p>

    <p class='ocr_par' dir='ltr' id='par_1_11' title="bbox 187 986 1944 1057">
     <span class='ocr_line' id='line_1_11' title="bbox 187 986 1944 1057; baseline -0.001 -18"><span class='ocrx_word' id='word_1_63' title='bbox 187 986 387 1040; x_wconf 88' lang='lat' dir='ltr'>Infelix</span> <span class='ocrx_word' id='word_1_64' title='bbox 428 986 668 1039; x_wconf 93' lang='lat' dir='ltr'>nondum</span> <span class='ocrx_word' id='word_1_65' title='bbox 707 987 811 1039; x_wconf 86' lang='lat' dir='ltr'>iste</span> <span class='ocrx_word' id='word_1_66' title='bbox 853 1005 1003 1056; x_wconf 89' lang='lat' dir='ltr'>suae;</span> <span class='ocrx_word' id='word_1_67' title='bbox 1042 1004 1142 1039; x_wconf 84' lang='lat' dir='ltr'>nos</span> <span class='ocrx_word' id='word_1_68' title='bbox 1181 986 1415 1057; x_wconf 88' lang='lat' dir='ltr'>pignora</span> <span class='ocrx_word' id='word_1_69' title='bbox 1452 988 1610 1038; x_wconf 89' lang='lat' dir='ltr'>tanta</span> <span class='ocrx_word' id='word_1_70' title='bbox 1942 1053 1944 1055; x_wconf 64' lang='lat'>‚</span> 
     </span>
    </p>

    <p class='ocr_par' dir='ltr' id='par_1_12' title="bbox 186 1059 1877 1131">
     <span class='ocr_line' id='line_1_12' title="bbox 186 1059 1877 1131; baseline -0.002 -17"><span class='ocrx_word' id='word_1_71' title='bbox 186 1059 539 1116; x_wconf 83' lang='lat' dir='ltr'>Prodimus‘?&#39;</span> <span class='ocrx_word' id='word_1_72' title='bbox 593 1060 895 1131; x_wconf 88' lang='lat' dir='ltr'>Insurgunt</span> <span class='ocrx_word' id='word_1_73' title='bbox 931 1061 1078 1114; x_wconf 91' lang='lat' dir='ltr'>iusto</span> <span class='ocrx_word' id='word_1_74' title='bbox 1117 1060 1336 1113; x_wconf 89' lang='lat' dir='ltr'>firmata</span> <span class='ocrx_word' id='word_1_75' title='bbox 1374 1059 1580 1129; x_wconf 90' lang='lat' dir='ltr'>pudore</span> <span class='ocrx_word' id='word_1_76' title='bbox 1791 1069 1877 1111; x_wconf 82' lang='lat'>605</span> 
     </span>
    </p>

    <p class='ocr_par' dir='ltr' id='par_1_13' title="bbox 186 1134 1654 1278">
     <span class='ocr_line' id='line_1_13' title="bbox 186 1134 1654 1207; baseline -0.002 -18"><span class='ocrx_word' id='word_1_77' title='bbox 186 1135 447 1207; x_wconf 84' lang='lat' dir='ltr'>Agmina,</span> <span class='ocrx_word' id='word_1_78' title='bbox 487 1135 678 1204; x_wconf 92' lang='lat' dir='ltr'>cuique</span> <span class='ocrx_word' id='word_1_79' title='bbox 718 1152 843 1187; x_wconf 89' lang='lat' dir='ltr'>suae</span> <span class='ocrx_word' id='word_1_80' title='bbox 881 1134 1087 1187; x_wconf 88' lang='lat' dir='ltr'>rediere</span> <span class='ocrx_word' id='word_1_81' title='bbox 1125 1135 1183 1187; x_wconf 91' lang='lat' dir='ltr'>in</span> <span class='ocrx_word' id='word_1_82' title='bbox 1220 1138 1441 1204; x_wconf 75' lang='lat' dir='ltr'>pectora</span> <span class='ocrx_word' id='word_1_83' title='bbox 1481 1150 1654 1187; x_wconf 87' lang='lat' dir='ltr'>curae.</span> 
     </span>
     <span class='ocr_line' id='line_1_14' title="bbox 261 1209 1559 1278; baseline -0.002 -14"><span class='ocrx_word' id='word_1_84' title='bbox 261 1210 475 1264; x_wconf 75' lang='lat' dir='ltr'>Interea</span> <span class='ocrx_word' id='word_1_85' title='bbox 514 1209 749 1263; x_wconf 89' lang='lat' dir='ltr'>thalami</span> <span class='ocrx_word' id='word_1_86' title='bbox 787 1212 993 1261; x_wconf 88' lang='lat' dir='ltr'>secreta</span> <span class='ocrx_word' id='word_1_87' title='bbox 1031 1209 1090 1261; x_wconf 92' lang='lat' dir='ltr'>in</span> <span class='ocrx_word' id='word_1_88' title='bbox 1126 1211 1279 1278; x_wconf 91' lang='lat' dir='ltr'>parte</span> <span class='ocrx_word' id='word_1_89' title='bbox 1320 1226 1559 1273; x_wconf 77' lang='lat' dir='ltr'>sororeS,</span> 
     </span>
    </p>

    <p class='ocr_par' dir='ltr' id='par_1_14' title="bbox 188 1283 1546 1352">
     <span class='ocr_line' id='line_1_15' title="bbox 188 1283 1546 1352; baseline -0.003 -14"><span class='ocrx_word' id='word_1_90' title='bbox 188 1285 295 1338; x_wconf 89' lang='lat' dir='ltr'>Par</span> <span class='ocrx_word' id='word_1_91' title='bbox 333 1283 483 1337; x_wconf 86' lang='lat' dir='ltr'>aliud</span> <span class='ocrx_word' id='word_1_92' title='bbox 522 1302 733 1336; x_wconf 92' lang='lat' dir='ltr'>morum</span> <span class='ocrx_word' id='word_1_93' title='bbox 774 1283 1064 1352; x_wconf 88' lang='lat' dir='ltr'>miserique</span> <span class='ocrx_word' id='word_1_94' title='bbox 1104 1283 1328 1336; x_wconf 86' lang='lat' dir='ltr'>innoxia</span> <span class='ocrx_word' id='word_1_95' title='bbox 1365 1283 1546 1351; x_wconf 89' lang='lat' dir='ltr'>proles</span> 
     </span>
    </p>

    <p class='ocr_par' dir='ltr' id='par_1_15' title="bbox 189 1355 1618 1426">
     <span class='ocr_line' id='line_1_16' title="bbox 189 1355 1618 1426; baseline -0.001 -16"><span class='ocrx_word' id='word_1_96' title='bbox 189 1357 519 1426; x_wconf 86' lang='lat' dir='ltr'>Oedipodae,</span> <span class='ocrx_word' id='word_1_97' title='bbox 557 1357 737 1410; x_wconf 82' lang='lat' dir='ltr'>varias</span> <span class='ocrx_word' id='word_1_98' title='bbox 777 1357 1006 1409; x_wconf 88' lang='lat' dir='ltr'>miscent</span> <span class='ocrx_word' id='word_1_99' title='bbox 1046 1375 1293 1409; x_wconf 87' lang='lat' dir='ltr'>sermone</span> <span class='ocrx_word' id='word_1_100' title='bbox 1335 1355 1618 1425; x_wconf 89' lang='lat' dir='ltr'>querellas.</span> 
     </span>
    </p>

    <p class='ocr_par' dir='ltr' id='par_1_16' title="bbox 191 1427 1878 1500">
     <span class='ocr_line' id='line_1_17' title="bbox 191 1427 1878 1500; baseline -0.004 -15"><span class='ocrx_word' id='word_1_101' title='bbox 191 1431 306 1485; x_wconf 89' lang='lat' dir='ltr'>Nec</span> <span class='ocrx_word' id='word_1_102' title='bbox 344 1431 489 1484; x_wconf 83' lang='lat' dir='ltr'>mala</span> <span class='ocrx_word' id='word_1_103' title='bbox 529 1449 666 1500; x_wconf 89' lang='lat' dir='ltr'>quae</span> <span class='ocrx_word' id='word_1_104' title='bbox 705 1430 879 1498; x_wconf 84' lang='lat' dir='ltr'>iuxta,</span> <span class='ocrx_word' id='word_1_105' title='bbox 922 1430 1016 1482; x_wconf 91' lang='lat' dir='ltr'>sed</span> <span class='ocrx_word' id='word_1_106' title='bbox 1053 1431 1222 1499; x_wconf 89' lang='lat' dir='ltr'>longa</span> <span class='ocrx_word' id='word_1_107' title='bbox 1262 1430 1330 1498; x_wconf 87' lang='lat' dir='ltr'>ab</span> <span class='ocrx_word' id='word_1_108' title='bbox 1372 1429 1580 1498; x_wconf 85' lang='lat' dir='ltr'>origine</span> <span class='ocrx_word' id='word_1_109' title='bbox 1618 1427 1743 1495; x_wconf 83' lang='lat' dir='ltr'>fati,</span> <span class='ocrx_word' id='word_1_110' title='bbox 1791 1439 1878 1480; x_wconf 88' lang='lat'>610</span> 
     </span>
    </p>

    <p class='ocr_par' dir='ltr' id='par_1_17' title="bbox 190 1503 1633 1573">
     <span class='ocr_line' id='line_1_18' title="bbox 190 1503 1633 1573; baseline -0.003 -13"><span class='ocrx_word' id='word_1_111' title='bbox 190 1506 339 1560; x_wconf 88' lang='lat' dir='ltr'>Haec</span> <span class='ocrx_word' id='word_1_112' title='bbox 380 1505 571 1558; x_wconf 86' lang='lat' dir='ltr'>matris</span> <span class='ocrx_word' id='word_1_113' title='bbox 611 1504 823 1573; x_wconf 76' lang='lat' dir='ltr'>taedaS,</span> <span class='ocrx_word' id='word_1_114' title='bbox 863 1504 1049 1557; x_wconf 91' lang='lat' dir='ltr'>oculos</span> <span class='ocrx_word' id='word_1_115' title='bbox 1090 1508 1176 1556; x_wconf 88' lang='lat' dir='ltr'>ast</span> <span class='ocrx_word' id='word_1_116' title='bbox 1215 1503 1313 1556; x_wconf 89' lang='lat' dir='ltr'>illa</span> <span class='ocrx_word' id='word_1_117' title='bbox 1350 1507 1633 1573; x_wconf 77' lang='lat' dir='ltr'>paternOS‚</span> 
     </span>
    </p>

    <p class='ocr_par' dir='ltr' id='par_1_18' title="bbox 192 1575 1798 1650">
     <span class='ocr_line' id='line_1_19' title="bbox 192 1575 1798 1650; baseline -0.004 -17"><span class='ocrx_word' id='word_1_118' title='bbox 192 1581 382 1634; x_wconf 88' lang='lat' dir='ltr'>Altera</span> <span class='ocrx_word' id='word_1_119' title='bbox 419 1581 761 1650; x_wconf 79' lang='lat' dir='ltr'>regnantem,</span> <span class='ocrx_word' id='word_1_120' title='bbox 800 1578 1092 1647; x_wconf 87' lang='lat' dir='ltr'>profugum</span> <span class='ocrx_word' id='word_1_121' title='bbox 1132 1578 1301 1647; x_wconf 91' lang='lat' dir='ltr'>gemit</span> <span class='ocrx_word' id='word_1_122' title='bbox 1340 1577 1514 1630; x_wconf 88' lang='lat' dir='ltr'>altera</span> <span class='ocrx_word' id='word_1_123' title='bbox 1552 1575 1798 1643; x_wconf 87' lang='lat' dir='ltr'>fratrem,</span> 
     </span>
    </p>

    <p class='ocr_par' dir='ltr' id='par_1_19' title="bbox 190 1649 1715 1709">
     <span class='ocr_line' id='line_1_20' title="bbox 190 1649 1715 1709; baseline -0.005 -1"><span class='ocrx_word' id='word_1_124' title='bbox 190 1654 350 1709; x_wconf 91' lang='lat' dir='ltr'>Bella</span> <span class='ocrx_word' id='word_1_125' title='bbox 390 1655 595 1707; x_wconf 84' lang='lat' dir='ltr'>ambae.</span> <span class='ocrx_word' id='word_1_126' title='bbox 675 1652 869 1706; x_wconf 84' lang='lat' dir='ltr'>Gravis</span> <span class='ocrx_word' id='word_1_127' title='bbox 909 1651 1035 1705; x_wconf 89' lang='lat' dir='ltr'>hinc</span> <span class='ocrx_word' id='word_1_128' title='bbox 1074 1652 1226 1706; x_wconf 85' lang='lat' dir='ltr'>misti</span> <span class='ocrx_word' id='word_1_129' title='bbox 1266 1652 1541 1705; x_wconf 90' lang='lat' dir='ltr'>cunctatio</span> <span class='ocrx_word' id='word_1_130' title='bbox 1581 1649 1715 1702; x_wconf 86' lang='lat' dir='ltr'>voti:</span> 
     </span>
    </p>

    <p class='ocr_par' dir='ltr' id='par_1_20' title="bbox 189 1724 1882 1796">
     <span class='ocr_line' id='line_1_21' title="bbox 189 1724 1882 1796; baseline -0.004 -14"><span class='ocrx_word' id='word_1_131' title='bbox 189 1729 368 1782; x_wconf 88' lang='lat' dir='ltr'>Mutat</span> <span class='ocrx_word' id='word_1_132' title='bbox 396 1732 625 1796; x_wconf 91' lang='lat' dir='ltr'>utroque</span> <span class='ocrx_word' id='word_1_133' title='bbox 656 1727 843 1795; x_wconf 89' lang='lat' dir='ltr'>timor,</span> <span class='ocrx_word' id='word_1_134' title='bbox 883 1744 1171 1794; x_wconf 89' lang='lat' dir='ltr'>quemnam</span> <span class='ocrx_word' id='word_1_135' title='bbox 1201 1726 1305 1779; x_wconf 91' lang='lat' dir='ltr'>hoc</span> <span class='ocrx_word' id='word_1_136' title='bbox 1338 1725 1631 1779; x_wconf 75' lang='lat' dir='ltr'>certamine</span> <span class='ocrx_word' id='word_1_137' title='bbox 1661 1724 1882 1791; x_wconf 84' lang='lat' dir='ltr'>victum,</span> 
     </span>
    </p>

    <p class='ocr_par' dir='ltr' id='par_1_21' title="bbox 195 1798 1878 1869">
     <span class='ocr_line' id='line_1_22' title="bbox 195 1798 1878 1869; baseline -0.005 -13"><span class='ocrx_word' id='word_1_138' title='bbox 195 1802 365 1865; x_wconf 86' lang='lat' dir='ltr'>Quem</span> <span class='ocrx_word' id='word_1_139' title='bbox 402 1802 597 1855; x_wconf 79' lang='lat' dir='ltr'>vicisse</span> <span class='ocrx_word' id='word_1_140' title='bbox 636 1801 826 1854; x_wconf 82' lang='lat' dir='ltr'>velint:</span> <span class='ocrx_word' id='word_1_141' title='bbox 864 1801 1029 1853; x_wconf 87' lang='lat' dir='ltr'>tacite</span> <span class='ocrx_word' id='word_1_142' title='bbox 1069 1799 1467 1869; x_wconf 82' lang='lat' dir='ltr'>praeponderat</span> <span class='ocrx_word' id='word_1_143' title='bbox 1506 1798 1645 1852; x_wconf 87' lang='lat' dir='ltr'>exul.</span> <span class='ocrx_word' id='word_1_144' title='bbox 1794 1810 1878 1850; x_wconf 87' lang='lat'>615</span> 
     </span>
    </p>

    <p class='ocr_par' dir='ltr' id='par_1_22' title="bbox 195 1873 1508 1942">
     <span class='ocr_line' id='line_1_23' title="bbox 195 1873 1508 1942; baseline -0.004 -12"><span class='ocrx_word' id='word_1_145' title='bbox 195 1875 283 1930; x_wconf 84' lang='lat' dir='ltr'>Sic</span> <span class='ocrx_word' id='word_1_146' title='bbox 320 1874 653 1930; x_wconf 88' lang='lat' dir='ltr'>Pandioniae</span> <span class='ocrx_word' id='word_1_147' title='bbox 692 1876 944 1942; x_wconf 88' lang='lat' dir='ltr'>repetunt</span> <span class='ocrx_word' id='word_1_148' title='bbox 982 1874 1078 1926; x_wconf 90' lang='lat' dir='ltr'>ubi</span> <span class='ocrx_word' id='word_1_149' title='bbox 1116 1874 1226 1926; x_wconf 89' lang='lat' dir='ltr'>fida</span> <span class='ocrx_word' id='word_1_150' title='bbox 1263 1873 1508 1926; x_wconf 86' lang='lat' dir='ltr'>volucres</span> 
     </span>
    </p>

    <p class='ocr_par' dir='ltr' id='par_1_23' title="bbox 190 1946 1690 2019">
     <span class='ocr_line' id='line_1_24' title="bbox 190 1946 1690 2019; baseline -0.004 -16"><span class='ocrx_word' id='word_1_151' title='bbox 190 1948 449 2019; x_wconf 89' lang='lat' dir='ltr'>Hospitia</span> <span class='ocrx_word' id='word_1_152' title='bbox 489 1951 649 2017; x_wconf 91' lang='lat' dir='ltr'>atque</span> <span class='ocrx_word' id='word_1_153' title='bbox 687 1949 856 2000; x_wconf 89' lang='lat' dir='ltr'>larem</span> <span class='ocrx_word' id='word_1_154' title='bbox 896 1948 1089 2000; x_wconf 88' lang='lat' dir='ltr'>bruma</span> <span class='ocrx_word' id='word_1_155' title='bbox 1126 1947 1379 2017; x_wconf 88' lang='lat' dir='ltr'>pulsante</span> <span class='ocrx_word' id='word_1_156' title='bbox 1418 1946 1690 2013; x_wconf 85' lang='lat' dir='ltr'>relictum,</span> 
     </span>
    </p>

    <p class='ocr_par' dir='ltr' id='par_1_24' title="bbox 196 2019 1643 2092">
     <span class='ocr_line' id='line_1_25' title="bbox 196 2019 1643 2092; baseline -0.003 -15"><span class='ocrx_word' id='word_1_157' title='bbox 196 2022 460 2092; x_wconf 84' lang='lat' dir='ltr'>Stantque</span> <span class='ocrx_word' id='word_1_158' title='bbox 500 2041 662 2091; x_wconf 89' lang='lat' dir='ltr'>super</span> <span class='ocrx_word' id='word_1_159' title='bbox 698 2021 853 2074; x_wconf 87' lang='lat' dir='ltr'>nidos</span> <span class='ocrx_word' id='word_1_160' title='bbox 892 2022 1199 2091; x_wconf 85' lang='lat' dir='ltr'>veterisque</span> <span class='ocrx_word' id='word_1_161' title='bbox 1240 2020 1460 2074; x_wconf 86' lang='lat' dir='ltr'>exordia</span> <span class='ocrx_word' id='word_1_162' title='bbox 1498 2019 1600 2072; x_wconf 90' lang='lat' dir='ltr'>fati</span> <span class='ocrx_word' id='word_1_163' title='bbox 1640 2048 1643 2051; x_wconf 95' lang='lat'>·</span> 
     </span>
    </p>

    <p class='ocr_par' dir='ltr' id='par_1_25' title="bbox 192 2094 1688 2150">
     <span class='ocr_line' id='line_1_26' title="bbox 192 2094 1688 2150; baseline -0.004 0"><span class='ocrx_word' id='word_1_164' title='bbox 192 2097 505 2150; x_wconf 89' lang='lat' dir='ltr'>Adnarrant</span> <span class='ocrx_word' id='word_1_165' title='bbox 541 2095 703 2150; x_wconf 89' lang='lat' dir='ltr'>tectis</span> <span class='ocrx_word' id='word_1_166' title='bbox 745 2098 799 2149; x_wconf 89' lang='lat' dir='ltr'>et</span> <span class='ocrx_word' id='word_1_167' title='bbox 835 2098 1088 2149; x_wconf 91' lang='lat' dir='ltr'>truncum</span> <span class='ocrx_word' id='word_1_168' title='bbox 1128 2113 1190 2148; x_wconf 90' lang='lat' dir='ltr'>ac</span> <span class='ocrx_word' id='word_1_169' title='bbox 1228 2094 1405 2147; x_wconf 90' lang='lat' dir='ltr'>flebile</span> <span class='ocrx_word' id='word_1_170' title='bbox 1446 2110 1688 2146; x_wconf 89' lang='lat' dir='ltr'>murmur</span> 
     </span>
    </p>

    <p class='ocr_par' dir='ltr' id='par_1_26' title="bbox 192 2165 1879 2240">
     <span class='ocr_line' id='line_1_27' title="bbox 192 2165 1879 2240; baseline -0.004 -16"><span class='ocrx_word' id='word_1_171' title='bbox 192 2170 373 2225; x_wconf 88' lang='lat' dir='ltr'>Verba</span> <span class='ocrx_word' id='word_1_172' title='bbox 396 2173 608 2240; x_wconf 83' lang='lat' dir='ltr'>putant,</span> <span class='ocrx_word' id='word_1_173' title='bbox 631 2187 843 2239; x_wconf 83' lang='lat' dir='ltr'>voxque</span> <span class='ocrx_word' id='word_1_174' title='bbox 866 2169 965 2223; x_wconf 86' lang='lat' dir='ltr'>illa</span> <span class='ocrx_word' id='word_1_175' title='bbox 986 2173 1170 2223; x_wconf 89' lang='lat' dir='ltr'>tamen</span> <span class='ocrx_word' id='word_1_176' title='bbox 1194 2187 1304 2222; x_wconf 93' lang='lat' dir='ltr'>non</span> <span class='ocrx_word' id='word_1_177' title='bbox 1329 2168 1550 2221; x_wconf 88' lang='lat' dir='ltr'>dissona</span> <span class='ocrx_word' id='word_1_178' title='bbox 1575 2165 1768 2220; x_wconf 78' lang='lat' dir='ltr'>verbis,</span> <span class='ocrx_word' id='word_1_179' title='bbox 1794 2178 1879 2219; x_wconf 83' lang='lat'>620</span> 
     </span>
    </p>

    <p class='ocr_par' dir='ltr' id='par_1_27' title="bbox 197 2242 1732 2314">
     <span class='ocr_line' id='line_1_28' title="bbox 197 2242 1732 2314; baseline -0.003 -17"><span class='ocrx_word' id='word_1_180' title='bbox 197 2245 376 2314; x_wconf 88' lang='lat' dir='ltr'>Atque</span> <span class='ocrx_word' id='word_1_181' title='bbox 415 2245 493 2297; x_wconf 90' lang='lat' dir='ltr'>ibi</span> <span class='ocrx_word' id='word_1_182' title='bbox 531 2246 658 2313; x_wconf 90' lang='lat' dir='ltr'>post</span> <span class='ocrx_word' id='word_1_183' title='bbox 696 2244 949 2297; x_wconf 89' lang='lat' dir='ltr'>lacrimas</span> <span class='ocrx_word' id='word_1_184' title='bbox 991 2246 1045 2296; x_wconf 93' lang='lat' dir='ltr'>et</span> <span class='ocrx_word' id='word_1_185' title='bbox 1081 2243 1249 2313; x_wconf 91' lang='lat' dir='ltr'>longa</span> <span class='ocrx_word' id='word_1_186' title='bbox 1289 2242 1508 2295; x_wconf 84' lang='lat' dir='ltr'>silentia</span> <span class='ocrx_word' id='word_1_187' title='bbox 1546 2259 1732 2293; x_wconf 88' lang='lat' dir='ltr'>rursus</span> 
     </span>
    </p>

    <p class='ocr_par' dir='ltr' id='par_1_28' title="bbox 199 2314 1747 2380">
     <span class='ocr_line' id='line_1_29' title="bbox 199 2314 1747 2380; baseline -0.003 -9"><span class='ocrx_word' id='word_1_188' title='bbox 199 2317 429 2371; x_wconf 88' lang='lat' dir='ltr'>Incohat</span> <span class='ocrx_word' id='word_1_189' title='bbox 467 2317 699 2371; x_wconf 90' lang='lat' dir='ltr'>Ismene:</span> <span class='ocrx_word' id='word_1_190' title='bbox 741 2316 1029 2380; x_wconf 72' lang='lat' dir='ltr'>‘Quisnam</span> <span class='ocrx_word' id='word_1_191' title='bbox 1068 2317 1156 2370; x_wconf 89' lang='lat' dir='ltr'>hic</span> <span class='ocrx_word' id='word_1_192' title='bbox 1195 2317 1518 2370; x_wconf 86' lang='lat' dir='ltr'>mortalibus</span> <span class='ocrx_word' id='word_1_193' title='bbox 1561 2314 1747 2368; x_wconf 78' lang='lat' dir='ltr'>error?</span> 
     </span>
    </p>

    <p class='ocr_par' dir='ltr' id='par_1_29' title="bbox 200 2389 1575 2460">
     <span class='ocr_line' id='line_1_30' title="bbox 200 2389 1575 2460; baseline -0.001 -16"><span class='ocrx_word' id='word_1_194' title='bbox 200 2390 347 2453; x_wconf 87' lang='lat' dir='ltr'>Quae</span> <span class='ocrx_word' id='word_1_195' title='bbox 388 2392 611 2459; x_wconf 89' lang='lat' dir='ltr'>decepta</span> <span class='ocrx_word' id='word_1_196' title='bbox 648 2391 816 2444; x_wconf 76' lang='lat' dir='ltr'>fides?</span> <span class='ocrx_word' id='word_1_197' title='bbox 855 2410 1039 2445; x_wconf 88' lang='lat' dir='ltr'>curam</span> <span class='ocrx_word' id='word_1_198' title='bbox 1079 2390 1364 2460; x_wconf 84' lang='lat' dir='ltr'>invigilare</span> <span class='ocrx_word' id='word_1_199' title='bbox 1405 2389 1575 2459; x_wconf 89' lang='lat' dir='ltr'>quieti</span> 
     </span>
    </p>
   </div>
   <div class='ocr_carea' id='block_1_3' title="bbox 192 2504 546 2511">
    <p class='ocr_par' dir='ltr' id='par_1_30' title="bbox 192 2504 546 2511">
     <span class='ocr_line' id='line_1_31' title="bbox 192 2504 546 2511; baseline 0 679"><span class='ocrx_word' id='word_1_200' title='bbox 192 2504 546 2511; x_wconf 95' lang='lat' dir='ltr'> </span> 
     </span>
    </p>
   </div>
   <div class='ocr_carea' id='block_1_4' title="bbox 193 2562 1883 2974">
    <p class='ocr_par' dir='ltr' id='par_1_31' title="bbox 193 2562 1883 2974">
     <span class='ocr_line' id='line_1_32' title="bbox 315 2562 1881 2631; baseline -0.003 -21"><span class='ocrx_word' id='word_1_201' title='bbox 315 2570 399 2610; x_wconf 81' lang='grc'>602</span> <span class='ocrx_word' id='word_1_202' title='bbox 431 2565 556 2609; x_wconf 84' lang='lat' dir='ltr'>iaces</span> <span class='ocrx_word' id='word_1_203' title='bbox 586 2569 619 2607; x_wconf 99' lang='lat' dir='ltr'>P</span> <span class='ocrx_word' id='word_1_204' title='bbox 649 2567 664 2631; x_wconf 75' lang='lat' dir='ltr'>u</span> <span class='ocrx_word' id='word_1_205' title='bbox 696 2570 783 2610; x_wconf 82' lang='lat'>604</span> <span class='ocrx_word' id='word_1_206' title='bbox 813 2578 907 2609; x_wconf 89' lang='lat' dir='ltr'>non</span> <span class='ocrx_word' id='word_1_207' title='bbox 936 2565 1137 2622; x_wconf 86' lang='lat' dir='ltr'>pignora</span> <span class='ocrx_word' id='word_1_208' title='bbox 1166 2569 1199 2607; x_wconf 93' lang='lat' dir='ltr'>P</span> <span class='ocrx_word' id='word_1_209' title='bbox 1228 2566 1246 2622; x_wconf 76' lang='lat' dir='ltr'>ss</span> <span class='ocrx_word' id='word_1_210' title='bbox 1277 2569 1362 2609; x_wconf 83' lang='lat'>605</span> <span class='ocrx_word' id='word_1_211' title='bbox 1394 2563 1634 2607; x_wconf 87' lang='lat' dir='ltr'>flammata</span> <span class='ocrx_word' id='word_1_212' title='bbox 1664 2562 1881 2606; x_wconf 82' lang='lat' dir='ltr'>Schrade-</span> 
     </span>
     <span class='ocr_line' id='line_1_33' title="bbox 194 2619 1883 2681; baseline -0.004 -12"><span class='ocrx_word' id='word_1_213' title='bbox 194 2638 275 2669; x_wconf 80' lang='lat' dir='ltr'>rus</span> <span class='ocrx_word' id='word_1_214' title='bbox 298 2625 421 2680; x_wconf 76' lang='lat'>[1607</span> <span class='ocrx_word' id='word_1_215' title='bbox 462 2623 687 2667; x_wconf 79' lang='lat' dir='ltr'>thalamis</span> <span class='ocrx_word' id='word_1_216' title='bbox 719 2629 752 2667; x_wconf 92' lang='lat' dir='ltr'>P</span> <span class='ocrx_word' id='word_1_217' title='bbox 782 2626 798 2681; x_wconf 84' lang='grc'>11</span> <span class='ocrx_word' id='word_1_218' title='bbox 829 2629 914 2669; x_wconf 86' lang='grc'>609</span> <span class='ocrx_word' id='word_1_219' title='bbox 954 2622 1084 2667; x_wconf 88' lang='lat' dir='ltr'>vario</span> <span class='ocrx_word' id='word_1_220' title='bbox 1123 2624 1349 2668; x_wconf 76' lang='lat' dir='ltr'>Barthius</span> <span class='ocrx_word' id='word_1_221' title='bbox 1372 2624 1387 2680; x_wconf 81' lang='grc' dir='ltr'>ΙΙ</span> <span class='ocrx_word' id='word_1_222' title='bbox 1412 2628 1493 2668; x_wconf 89' lang='grc'>611</span> <span class='ocrx_word' id='word_1_223' title='bbox 1537 2621 1694 2666; x_wconf 89' lang='lat' dir='ltr'>oculos</span> <span class='ocrx_word' id='word_1_224' title='bbox 1733 2619 1883 2676; x_wconf 87' lang='lat' dir='ltr'>gemit</span> 
     </span>
     <span class='ocr_line' id='line_1_34' title="bbox 193 2679 1879 2739; baseline -0.003 -12"><span class='ocrx_word' id='word_1_225' title='bbox 193 2682 279 2727; x_wconf 81' lang='lat' dir='ltr'>ina</span> <span class='ocrx_word' id='word_1_226' title='bbox 308 2686 342 2726; x_wconf 97' lang='lat' dir='ltr'>P</span> <span class='ocrx_word' id='word_1_227' title='bbox 364 2684 380 2739; x_wconf 89' lang='grc'>11</span> <span class='ocrx_word' id='word_1_228' title='bbox 404 2687 489 2727; x_wconf 84' lang='grc'>613</span> <span class='ocrx_word' id='word_1_229' title='bbox 530 2681 690 2726; x_wconf 83' lang='grc' dir='ltr'>1111εο11</span> <span class='ocrx_word' id='word_1_230' title='bbox 729 2684 854 2728; x_wconf 82' lang='lat' dir='ltr'>codd.</span> <span class='ocrx_word' id='word_1_231' title='bbox 881 2684 979 2728; x_wconf 84' lang='lat' dir='ltr'>edd.</span> <span class='ocrx_word' id='word_1_232' title='bbox 1012 2681 1142 2726; x_wconf 84' lang='lat' dir='ltr'>misti</span> <span class='ocrx_word' id='word_1_233' title='bbox 1174 2696 1286 2728; x_wconf 75' lang='lat' dir='ltr'>corr.</span> <span class='ocrx_word' id='word_1_234' title='bbox 1320 2682 1547 2726; x_wconf 67' lang='lat' dir='ltr'>Bao-thius</span> <span class='ocrx_word' id='word_1_235' title='bbox 1577 2681 1674 2726; x_wconf 84' lang='lat' dir='ltr'>coll.</span> <span class='ocrx_word' id='word_1_236' title='bbox 1717 2679 1879 2724; x_wconf 80' lang='lat' dir='ltr'>Claud.</span> 
     </span>
     <span class='ocr_line' id='line_1_35' title="bbox 197 2737 1882 2799; baseline -0.004 -12"><span class='ocrx_word' id='word_1_237' title='bbox 197 2742 255 2787; x_wconf 84' lang='lat' dir='ltr'>R.</span> <span class='ocrx_word' id='word_1_238' title='bbox 292 2742 373 2787; x_wconf 85' lang='lat' dir='ltr'>Pr.</span> <span class='ocrx_word' id='word_1_239' title='bbox 408 2741 443 2784; x_wconf 94' lang='lat' dir='ltr'>I</span> <span class='ocrx_word' id='word_1_240' title='bbox 471 2745 560 2787; x_wconf 83' lang='lat'>132</span> <span class='ocrx_word' id='word_1_241' title='bbox 590 2743 606 2799; x_wconf 87' lang='grc' dir='ltr'>ΙΙ</span> <span class='ocrx_word' id='word_1_242' title='bbox 637 2746 723 2787; x_wconf 81' lang='lat'>614</span> <span class='ocrx_word' id='word_1_243' title='bbox 760 2741 916 2786; x_wconf 86' lang='lat' dir='ltr'>Mutat</span> <span class='ocrx_word' id='word_1_244' title='bbox 946 2746 979 2784; x_wconf 92' lang='lat' dir='ltr'>P</span> <span class='ocrx_word' id='word_1_245' title='bbox 1016 2742 1168 2785; x_wconf 86' lang='lat' dir='ltr'>Nutat</span> <span class='ocrx_word' id='word_1_246' title='bbox 1205 2745 1329 2784; x_wconf 74' lang='lat' dir='ltr'>Bsn</span> <span class='ocrx_word' id='word_1_247' title='bbox 1367 2738 1531 2784; x_wconf 90' lang='lat' dir='ltr'>Nutrit</span> <span class='ocrx_word' id='word_1_248' title='bbox 1569 2754 1599 2793; x_wconf 80' lang='lat' dir='ltr'>g</span> <span class='ocrx_word' id='word_1_249' title='bbox 1628 2739 1644 2794; x_wconf 81' lang='grc' dir='ltr'>ΙΙ</span> <span class='ocrx_word' id='word_1_250' title='bbox 1676 2742 1760 2781; x_wconf 88' lang='grc'>616</span> <span class='ocrx_word' id='word_1_251' title='bbox 1799 2737 1882 2781; x_wconf 90' lang='lat' dir='ltr'>ubi</span> 
     </span>
     <span class='ocr_line' id='line_1_36' title="bbox 196 2796 1882 2859; baseline -0.004 -14"><span class='ocrx_word' id='word_1_252' title='bbox 196 2801 323 2845; x_wconf 83' lang='lat' dir='ltr'>avita</span> <span class='ocrx_word' id='word_1_253' title='bbox 354 2800 413 2847; x_wconf 83' lang='lat' dir='ltr'>R.</span> <span class='ocrx_word' id='word_1_254' title='bbox 450 2801 684 2859; x_wconf 73' lang='lat' dir='ltr'>Unyems!</span> <span class='ocrx_word' id='word_1_255' title='bbox 717 2805 801 2846; x_wconf 80' lang='lat'>617</span> <span class='ocrx_word' id='word_1_256' title='bbox 834 2799 1067 2844; x_wconf 85' lang='lat' dir='ltr'>relincunt</span> <span class='ocrx_word' id='word_1_257' title='bbox 1091 2801 1400 2845; x_wconf 76' lang='lat' dir='ltr'>Baehrensius</span> <span class='ocrx_word' id='word_1_258' title='bbox 1422 2800 1438 2855; x_wconf 82' lang='grc'>11</span> <span class='ocrx_word' id='word_1_259' title='bbox 1463 2803 1547 2843; x_wconf 86' lang='grc'>619</span> <span class='ocrx_word' id='word_1_260' title='bbox 1580 2796 1825 2840; x_wconf 87' lang='lat' dir='ltr'>Adnarant</span> <span class='ocrx_word' id='word_1_261' title='bbox 1848 2801 1882 2839; x_wconf 90' lang='lat' dir='ltr'>P</span> 
     </span>
     <span class='ocr_line' id='line_1_37' title="bbox 195 2856 1883 2914; baseline -0.002 -11"><span class='ocrx_word' id='word_1_262' title='bbox 195 2859 428 2903; x_wconf 78' lang='lat' dir='ltr'>Enarrant</span> <span class='ocrx_word' id='word_1_263' title='bbox 452 2864 532 2902; x_wconf 67' lang='grc' dir='ltr'>ΒΗ</span> <span class='ocrx_word' id='word_1_264' title='bbox 557 2860 654 2904; x_wconf 85' lang='lat' dir='ltr'>edd.</span> <span class='ocrx_word' id='word_1_265' title='bbox 728 2861 748 2903; x_wconf 89' lang='lat' dir='ltr'>t</span> <span class='ocrx_word' id='word_1_266' title='bbox 777 2861 973 2904; x_wconf 86' lang='lat' dir='ltr'>narrant</span> <span class='ocrx_word' id='word_1_267' title='bbox 996 2874 1018 2902; x_wconf 87' lang='grc'>0</span> <span class='ocrx_word' id='word_1_268' title='bbox 1042 2859 1309 2903; x_wconf 66' lang='lat' dir='ltr'>Etnarrant</span> <span class='ocrx_word' id='word_1_269' title='bbox 1331 2863 1363 2901; x_wconf 86' lang='lat' dir='ltr'>B</span> <span class='ocrx_word' id='word_1_270' title='bbox 1395 2856 1665 2900; x_wconf 84' lang='lat' dir='ltr'>Adnarrant</span> <span class='ocrx_word' id='word_1_271' title='bbox 1687 2856 1852 2913; x_wconf 76' lang='lat' dir='ltr'>scripsi</span> <span class='ocrx_word' id='word_1_272' title='bbox 1867 2856 1883 2914; x_wconf 83' lang='grc' dir='ltr'>Η</span> 
     </span>
     <span class='ocr_line' id='line_1_38' title="bbox 198 2917 740 2974; baseline -0.004 -12"><span class='ocrx_word' id='word_1_273' title='bbox 198 2922 282 2963; x_wconf 83' lang='grc'>623</span> <span class='ocrx_word' id='word_1_274' title='bbox 316 2933 395 2962; x_wconf 89' lang='lat' dir='ltr'>cur</span> <span class='ocrx_word' id='word_1_275' title='bbox 426 2917 676 2974; x_wconf 86' lang='lat' dir='ltr'>inuigilare</span> <span class='ocrx_word' id='word_1_276' title='bbox 708 2923 740 2960; x_wconf 89' lang='lat' dir='ltr'>P</span> 
     </span>
    </p>
   </div>
  </div>
 </body>
</html>
