2028 3190
679 156 1021 202 THEBAIDOS
1053 157 1162 202 LIB.
1196 155 1317 201 VIII.
1738 155 1846 208 215

156 281 244 335 An
281 279 386 334 tibi
424 280 612 334 felices
653 281 804 333 lucos
843 279 1133 332 miseratus
1174 277 1379 331 Averni

155 358 354 413 Rector
392 358 447 408 et
484 354 700 424 Elysias
742 354 890 407 dedit
927 354 1200 407 inservare
1238 351 1522 422 volucres?

155 428 429 499 Quidquid
460 446 541 498 es,
574 431 822 482 aeternus
847 427 1068 480 Phoebo
1101 427 1255 479 dolor
1286 429 1341 479 et
1371 444 1514 480 nova
1541 424 1719 479 clades
1762 437 1845 479 195

156 504 379 572 Semper
418 503 523 556 eris
563 502 834 571 mutisque
874 502 965 554 diu
1003 500 1288 570 plorabere
1328 499 1572 568 Delphis.

153 580 258 634 Hic
298 576 553 630 Tenedon
592 574 943 645 Chrysenque
983 575 1095 628 dies
1135 578 1402 644 partuque
1441 574 1668 644 ligatam

154 653 335 708 Delon
374 654 428 704 et
466 650 670 704 intonsi
709 649 887 703 cludet
924 649 1227 718 penetralia
1265 647 1523 716 Branchi,

154 727 270 782 Nec
310 722 519 778 Clarias
558 724 662 777 hae
699 727 818 777 luce
857 723 1003 776 fores
1040 721 1450 792 Didymaeaque
1491 722 1775 792 quisquam

152 800 369 855 Limina
406 816 505 851 nec
542 797 767 868 Lyciam
808 798 1032 867 supplex
1073 796 1352 850 consultor
1393 795 1580 849 adibit.
1763 809 1848 849 200

154 875 299 940 Quin
339 875 394 924 et
433 872 702 942 cornigeri
740 872 881 926 vatis
922 888 1111 924 nemus
1152 873 1313 940 atque
1352 869 1595 923 Molosso

152 949 394 1013 Quercus
436 946 630 999 anhela
666 945 813 999 Iovis
856 945 1198 1014 Troianaque
1238 944 1518 1014 Thymbra
1556 944 1774 998 tacebit.

152 1023 267 1094 Ipsi
306 1038 492 1073 amnes
531 1020 786 1090 ipsaeque
826 1020 1015 1073 volent
1054 1036 1296 1072 arescere
1336 1019 1546 1087 laurus,

153 1098 280 1167 Ipse
318 1093 458 1147 nihil
498 1097 700 1147 certum
743 1095 888 1164 sagis
930 1093 1276 1164 clangoribus
1316 1092 1505 1146 aether

152 1169 461 1237 Praecinet‚
503 1171 557 1221 et
595 1169 748 1222 nulla
784 1168 1046 1222 ferientur
1085 1167 1153 1221 ab
1194 1167 1325 1220 alite
1363 1166 1549 1219 nubes,
1761 1178 1846 1219 205

152 1245 377 1315 Iamque
417 1242 522 1295 erit
557 1243 652 1295 ille
693 1242 827 1312 dies,
868 1260 974 1311 quo
1013 1244 1069 1294 te
1110 1259 1323 1311 quoque
1363 1240 1577 1294 conscia
1615 1239 1745 1293 fatis

152 1318 383 1387 Templa
422 1316 604 1368 colant
640 1317 937 1385 reddatque
974 1318 1100 1368 tuus
1140 1333 1403 1384 responsa
1443 1314 1726 1369 sacerdos?

152 1392 309 1449 Talia
346 1389 571 1443 fatidico
610 1394 882 1459 peragunt
921 1389 1206 1443 sollemnia
1243 1389 1382 1458 regi,

155 1466 268 1522 Ceu
307 1465 554 1517 flammas
595 1481 656 1516 ac
696 1464 839 1517 dona
876 1480 1010 1533 rogo
1050 1463 1343 1532 tristesque
1381 1461 1679 1531 rependant

151 1539 454 1608 Exsequias
494 1537 754 1607 mollique
794 1538 1028 1591 animam
1069 1536 1261 1590 tellure
1301 1540 1580 1605 reponant.
1759 1549 1845 1588 210

153 1614 349 1668 Fracta
388 1610 582 1664 dehine
621 1612 827 1665 cunetis
869 1629 1163 1680 aversaque
1202 1612 1423 1680 pectora
1461 1610 1620 1664 bello.

154 1687 244 1742 Sic
282 1687 451 1740 fortes
491 1684 707 1755 Minyas
749 1686 930 1740 subito
972 1703 1092 1739 cum
1133 1684 1320 1738 funere
1360 1683 1566 1753 Tiphys

150 1761 440 1828 Destituit,
478 1777 588 1812 non
627 1778 780 1813 arma
819 1759 996 1828 sequi,
1035 1777 1144 1812 non
1181 1759 1321 1811 ferre
1361 1758 1575 1811 videtur

155 1835 357 1888 Remus
398 1850 589 1901 aquas,
628 1833 841 1903 ipsique
881 1833 1061 1885 minus
1101 1832 1210 1885 iam
1250 1833 1441 1885 ducere
1481 1833 1644 1885 venti.

152 1909 270 1962 Iam
308 1906 464 1960 fessis
505 1906 711 1975 gemitu
751 1907 1017 1975 paulatim
1058 1909 1111 1958 et
1150 1905 1310 1959 corda
1348 1906 1552 1959 levavit
1757 1918 1843 1958 215

152 1982 468 2050 Exhaustus
502 1997 747 2034 sermone
786 1981 944 2033 dolor
990 1998 1201 2048 noxque
1242 1979 1425 2032 addita
1465 1996 1619 2032 curas

154 2055 373 2124 Obruit,
413 2056 467 2106 et
505 2053 682 2107 facilis
722 2054 960 2108 lacrimis
1000 2054 1242 2122 inrepere
1284 2071 1520 2107 somnus,

227 2129 304 2182 At
340 2146 452 2181 non
492 2126 767 2182 Sidoniam
810 2128 1021 2181 diversa
1060 2128 1117 2180 in
1155 2130 1309 2196 parte
1348 2146 1445 2196 per
1483 2128 1670 2180 urbem

152 2203 276 2257 Nox
316 2202 523 2256 eadem:
562 2203 712 2256 vario
752 2202 1061 2272 producunt
1099 2201 1275 2254 sidera
1313 2200 1440 2254 ludo

154 2278 297 2331 Ante
329 2277 517 2330 domos
549 2277 820 2346 intraque,
852 2278 1107 2346 ipsaeque
1141 2276 1207 2328 ad
1240 2276 1452 2329 moenia
1484 2280 1725 2329 marcent
1756 2288 1842 2328 220

275 2441 374 2481 199.
410 2436 534 2481 ‘Nec
571 2462 619 2468 —-
656 2435 922 2492 quisquam’
961 2435 1107 2479 Serv.
1144 2435 1204 2479 ad
1237 2435 1350 2478 Aen.
1378 2435 1443 2478 111
1474 2441 1573 2481 360.

277 2588 360 2628 195
394 2597 418 2627 0
449 2595 573 2627 nova
603 2586 635 2624 P
658 2582 673 2638 11
700 2587 780 2627 197
814 2583 1023 2628 tenodon
1052 2588 1084 2624 P
1112 2585 1118 2638 Ι
1147 2582 1421 2638 chrisenque
1453 2588 1484 2625 P
1518 2581 1773 2637 chrysamq.
1807 2584 1840 2623 B

155 2643 449 2698 cin-bamque
495 2642 562 2687 vel
611 2641 916 2698 cyrrhamque
956 2646 1036 2685 ΒΗ
1082 2643 1181 2687 edd.
1225 2641 1522 2699 Chrysenque
1564 2641 1843 2685 Schraderus

152 2704 251 2748 coll.
288 2702 365 2747 Ov.
403 2702 515 2746 Met.
550 2699 701 2743 XIII
729 2705 819 2745 174
841 2705 857 2758 ΙΙ
881 2706 964 2746 201
999 2700 1191 2745 molossi
1221 2706 1266 2743 Μ
1297 2703 1393 2746 edd.
1419 2702 1435 2757 ss
1459 2705 1543 2744 202
1577 2698 1750 2754 thybra
1779 2700 1841 2750 P'*

155 2766 241 2806 203
283 2760 505 2817 ipsaeque
547 2757 652 2803 viae
689 2759 886 2804 mallent
915 2763 986 2817 Pu
1010 2764 1097 2804 204
1131 2759 1274 2805 sacris
1307 2765 1339 2803 P
1373 2759 1492 2804 sacis
1525 2763 1550 2800 S
1574 2759 1588 2811 ΙΙ
1613 2762 1699 2802 206
1731 2756 1839 2801 fatis

153 2824 233 2922 Pul
263 2819 355 2923 fatli)
384 2821 516 2865 ceteri
547 2820 563 2875 ΙΙ
594 2822 678 2861 215
710 2817 824 2862 fessi
854 2824 886 2862 P
914 2821 920 2874 Ι
949 2822 997 2862 et
1029 2818 1170 2863 corda
1201 2824 1275 2862 PT
1309 2818 1449 2862 corda
1479 2820 1603 2859 Bsu
1631 2819 1637 2871 l
1664 2815 1842 2861 levavit

154 2883 187 2920 P
238 2892 324 2923 eva
359 2881 409 2922 at
440 2882 563 2921 Bsu
