2008 3198
199 186 267 239 76
775 185 825 230 P.
856 183 1086 229 PAPINII
1118 183 1314 229 STATII

196 308 498 378 Exagitant
536 307 799 376 zephyros
841 310 896 360 et
935 307 1151 376 plumea
1189 307 1411 375 pectora
1449 302 1714 358 caedunt?
1802 314 1888 357 515

196 382 296 436 Ille
338 382 436 434 sub
476 381 634 434 haec:
676 379 967 449 ‘Equidem
1007 380 1166 448 varii,
1204 382 1379 447 pater,
1420 380 1602 432 omina
1639 377 1846 432 Phoebi

198 454 368 526 Saepe
408 456 534 507 tuli:
575 455 684 507 iam
723 458 862 523 tum,
899 455 1078 522 prima
1117 471 1238 506 cum
1278 453 1419 521 pube
1456 452 1724 506 virentem

199 529 476 584 Semideos
517 529 659 582 inter
697 529 856 597 pinus
897 547 982 580 me
1023 527 1289 580 Thessala
1328 543 1480 596 reges

194 603 453 671 Duceret,
492 603 581 656 hic
621 621 776 656 casus
815 606 1101 671 terraeque.
1136 602 1408 670 marisque
1449 602 1734 653 canentum

198 677 522 747 Obstipuere
564 677 745 743 duceS‚
784 695 883 729 nec
921 694 1007 728 me
1046 679 1278 728 ventura
1317 676 1499 727 locuto
1803 686 1890 726 520

200 751 427 821 Saepius
467 752 525 803 in
564 751 739 803 dubiis
781 750 994 802 auditus
1035 749 1218 802 Iasoni
1257 749 1496 817 Mopsus

200 826 302 880 Sed
336 826 539 878 similes
578 843 689 877 non
729 827 853 877 ante
892 819 1069 877 metus
1109 825 1240 876 aut*
1283 822 1468 875 astra*
1507 822 1690 875 notavi

198 899 522 969 Prodigiosa
559 899 761 968 magis3
803 916 1132 967 quamquam
1170 898 1378 950 maiora
1416 900 1693 965 parantur.

198 974 321 1027 Huc
362 974 579 1026 adverte
620 973 883 1025 animum:
925 973 1073 1025 clara
1111 971 1332 1041 regione
1371 970 1627 1038 profundi

199 1048 471 1101 Aetheros
511 1047 782 1099 innumeri
822 1049 1128 1099 statuerunt
1170 1046 1389 1115 agmina
1427 1044 1613 1114 cygni,
1808 1055 1894 1097 525

201 1122 326 1177 Sive
365 1121 467 1174 hos
508 1120 819 1190 Strymonia
857 1119 1061 1172 Boreas
1102 1119 1258 1172 eiecit
1298 1119 1366 1172 ab
1408 1119 1598 1187 Arct0‚

202 1196 307 1250 Seu
344 1195 576 1248 fecunda
614 1195 781 1247 refert
817 1194 1020 1263 placidi
1059 1194 1344 1246 clementia
1381 1191 1512 1245 Nili.

199 1270 459 1323 Fixerunt
498 1287 705 1336 cursus3
746 1269 845 1320 has
884 1287 1002 1320 rere
1041 1268 1097 1320 in
1136 1267 1375 1335 imagine
1414 1266 1653 1319 Thebas:

199 1344 344 1398 Nam
386 1362 501 1396 sese
540 1343 736 1396 inmoti
776 1360 910 1412 gyro
952 1344 1113 1411 atque
1152 1342 1207 1393 in
1244 1359 1374 1410 pace
1415 1341 1634 1393 silentes
1657 1377 1678 1382 -

201 1417 312 1472 Ceu
351 1418 520 1470 muris
560 1417 809 1485 valloque
848 1419 1050 1469 tenent.
1128 1414 1232 1468 Sed
1271 1415 1465 1467 fortior
1505 1432 1625 1466 ecce
1700 1415 1703 1418 ’
1810 1425 1896 1467 530

200 1492 477 1545 Adventat
514 1509 611 1560 per
649 1490 809 1542 inane
850 1490 1067 1558 cohors3
1117 1493 1325 1559 septem
1365 1488 1550 1541 ordine
1589 1488 1736 1541 fulvo

200 1565 518 1635 Armigeras
561 1583 773 1617 summa
813 1564 958 1617 Iovis
999 1564 1277 1616 exultante
1317 1567 1529 1615 caterva

201 1640 413 1693 Intuor:
453 1638 662 1691 Inachii
703 1639 814 1690 sint
851 1637 910 1689 hi
949 1638 1073 1706 tibi,
1114 1637 1355 1705 concipe,
1394 1654 1565 1705 reges,

202 1713 457 1768 Invasere
497 1713 721 1782 globum
761 1711 905 1763 nivei
944 1712 1127 1780 gregis
1168 1729 1410 1779 uncaque
1448 1709 1693 1778 pandunt

204 1786 472 1840 Caedibus
514 1805 611 1839 ora
648 1786 804 1838 novis
846 1788 900 1837 et
940 1785 1143 1838 strictis
1184 1784 1454 1853 unguibus
1495 1783 1716 1835 instant.
1809 1794 1894 1835 535

205 1859 393 1914 Cernis
432 1861 712 1928 inexperto
752 1863 1001 1912 rorantes
1043 1859 1306 1928 sanguine
1346 1860 1560 1925 ventOS‚

203 1935 279 1989 Et
317 1934 518 2004 plumis
559 1933 769 1987 stillare
811 1933 989 1986 diem‘?
1035 1951 1170 2002 quae
1211 1951 1373 1985 saeva
1411 1933 1631 2001 repente

202 2009 454 2062 Victores
496 2009 670 2078 agitat
707 2009 815 2060 leto
856 2007 1000 2060 Iovis
1039 2007 1120 2060 ira
1160 2006 1406 2059 sinistri?

203 2083 309 2137 Hic
350 2083 559 2136 excelsa
597 2085 787 2152 petens
829 2082 1011 2133 subita
1050 2081 1165 2133 face
1207 2080 1339 2132 solis
1379 2078 1576 2131 inarsit

207 2156 576 2226 submisitque
616 2156 827 2209 animos
839 2198 852 2223 ,
891 2156 1048 2207 illum
1087 2154 1321 2223 vestigia
1360 2153 1610 2205 adortum
1811 2163 1898 2203 540

204 2231 475 2283 Maiorum
514 2231 797 2283 volucrum
836 2233 1052 2282 tenerae
1100 2227 1367 2296 deponitis
1409 2227 1542 2279 alae.

206 2304 310 2358 Hic
347 2305 497 2357 hosti
536 2305 833 2374 implicitus
872 2304 1079 2372 pariter
1118 2302 1247 2370 ruit,
1286 2301 1428 2353 hunc
1466 2299 1598 2369 fuga
1636 2301 1780 2351 retro

327 2469 412 2508 520
435 2479 500 2519 sq.
540 2465 644 2507 ‘nec
668 2490 723 2496 -—
746 2463 957 2519 Mopsus'
994 2460 1165 2506 schol.
1199 2460 1342 2504 Theb.
1376 2459 1419 2503 V
1451 2464 1537 2504 417
1568 2474 1613 2516 p.
1650 2464 1731 2504 181
1766 2458 1814 2503 L.
1843 2483 1897 2491 —

208 2529 293 2569 532
321 2538 386 2579 sq.
424 2522 701 2579 ‘armigeras
734 2549 789 2555 --
822 2523 975 2579 reges’
1011 2519 1241 2576 Eutych.
1277 2520 1364 2564 art.
1397 2519 1460 2562 IV
1493 2524 1518 2562 2
1549 2533 1593 2575 p.
1627 2523 1730 2574 464,
1763 2523 1818 2563 31
1843 2517 1897 2561 K.

327 2677 413 2717 517
453 2684 608 2728 puppe
648 2675 680 2712 P
710 2671 726 2725 ΙΙ
758 2674 842 2713 521
884 2669 1045 2712 iasone
1086 2668 1211 2712 codd.
1244 2665 1400 2709 Iasoni
1429 2666 1658 2711 Barthius
1688 2668 1729 2709 et
1757 2664 1897 2708 Bent-

210 2734 346 2785 leiu83
380 2731 438 2786 cf.
464 2730 649 2784 Imhofiii
679 2731 915 2775 emendetit.
947 2728 1061 2773 Stat.
1082 2741 1130 2782 p.
1157 2730 1183 2769 4
1207 2728 1222 2781 ΙΙ
1248 2730 1332 2769 522
1360 2727 1488 2768 astra.
1511 2726 1639 2769 codd.
1664 2723 1899 2778 monstra,-

208 2792 458 2836 Muellerus
491 2801 623 2832 sacra
652 2788 963 2831 Baehrensius
992 2789 1006 2841 11
1039 2790 1123 2830 527
1159 2783 1407 2828 clementia
1437 2783 1558 2828 caeli
1587 2788 1619 2825 P
1649 2785 1664 2839 ΙΙ
1686 2785 1780 2836 ξ528
1812 2781 1899 2825 has

208 2855 241 2892 P
272 2850 602 2894 Lachmannus
632 2847 720 2890 hac
753 2848 885 2890 ceteri
907 2850 921 2901 ΙΙ
947 2850 1031 2890 533
1066 2843 1161 2887 sint
1189 2849 1311 2886 PGL
1345 2844 1453 2887 sunt
1476 2842 1630 2885 Bam
1661 2841 1859 2898 Eutych.
1888 2839 1903 2898 ΙΙ

210 2915 295 2954 537
331 2923 420 2968 que
452 2913 485 2950 P
517 2920 657 2963 quam
688 2907 821 2950 ceteri
843 2908 858 2962 ΙΙ
883 2910 967 2949 542
1000 2904 1091 2948 huc
1121 2902 1236 2959 fuga
1266 2907 1298 2944 P
