2008 3198
633 187 916 235 EDITORIS
948 186 1301 233 PRAEFATIO.
1758 185 1829 231 XI

129 310 320 364 Museo
345 311 661 364 Britannico
695 312 1012 363 conservato
1047 309 1250 378 scripta
1279 307 1515 377 reliquit.
1550 305 1653 377 (Of.
1681 307 1830 360 infra

127 404 180 455 p.
220 384 370 438 XIV.
411 383 482 438 M.
521 384 796 455 Hauptius
837 383 977 436 Acta
1018 383 1252 436 academ.
1291 381 1471 436 Berol.
1510 382 1638 434 anni
1682 382 1825 435 1861

130 478 183 530 p.
210 456 395 530 1079).
436 457 812 512 Conlationem
847 457 913 510 ad
948 475 1038 510 sex
1073 457 1243 510 libros
1275 456 1484 526 priores
1516 455 1825 508 Thebaidos

132 549 165 585 a
211 550 268 586 se
315 550 454 585 anno
506 533 650 586 1864
696 531 896 584 factam
945 530 1281 584 Godofredus
1328 530 1612 582 Kinkelius
1663 529 1831 599 Tigu-—

128 607 281 659 rinus
338 625 550 659 summa
611 624 730 659 cum
803 605 1135 657 liberalitate
1197 603 1333 656 mihi
1385 603 1649 672 permisit.
1743 602 1824 656 De

130 680 407 733 nonnullis
447 680 580 733 locis
620 680 883 732 librorum
924 678 1286 748 posteriorum
1326 677 1720 730 difficilioribus
1759 676 1830 731 E.

128 752 200 807 M.
232 753 634 822 Thompsonius
667 752 1064 820 LondiniensiS,
1102 752 1186 805 vir
1226 769 1469 804 summae
1506 751 1823 804 eruditionis

131 830 292 897 atque
336 827 711 894 humanitatiS,
750 826 1112 880 libentissime
1153 843 1237 878 me
1279 825 1506 878 edocuit.

277 898 423 955 Ood.
460 901 810 954 Bernensis
855 900 958 954 156
999 908 1037 952 b
1077 899 1517 952 membranaceus
1560 917 1695 952 saec.
1729 895 1832 951 Xp.

127 973 188 1027 4⁰
211 975 335 1043 obl„
376 975 467 1044 qui
499 975 603 1028 fuit
635 975 766 1027 olim
793 975 942 1027 Petri
968 973 1211 1026 Danielis
1235 973 1643 1026 Aurelianensis
1681 972 1831 1025 1564-

127 1045 218 1119 (cf.
254 1047 323 1103 Η.
354 1047 571 1119 Hageni
610 1049 771 1102 catal.
811 1048 962 1101 codd.
1001 1047 1256 1100 Bel-nens,
1295 1066 1346 1116 p.
1378 1044 1536 1118 230),
1583 1047 1827 1100 continet

126 1122 241 1176 foll.
280 1122 352 1175 95
402 1122 679 1175 Thebaida
735 1126 788 1175 et
836 1121 1151 1175 Achilleida.
1239 1119 1405 1174 Cuius
1459 1121 1586 1173 libri
1640 1121 1822 1173 varias

125 1196 383 1250 lectiones
424 1214 545 1249 cum
584 1195 929 1249 Hei-mannus
971 1195 1230 1264 Hagenus
1269 1195 1380 1248 iam
1421 1193 1612 1249 Ottoni
1650 1193 1830 1247 Muel-

126 1269 242 1323 lero
281 1270 690 1339 transmisisset,
730 1288 958 1339 quarum
999 1270 1094 1322 ille
1134 1287 1252 1322 eam
1300 1273 1538 1339 partem,
1579 1287 1715 1338 quae
1755 1268 1824 1320 ad

131 1361 222 1396 sex
260 1344 428 1397 libros
468 1345 676 1412 priores
715 1345 964 1413 pertinet,
1003 1344 1061 1396 in
1093 1343 1367 1396 Addendis
1409 1343 1661 1396 editionis
1695 1360 1825 1395 suae

128 1435 178 1485 p.
218 1417 328 1470 284
359 1435 472 1486 sqq.
513 1418 819 1486 exscripsit,
871 1418 1003 1470 satis
1053 1417 1220 1470 habui
1266 1435 1298 1470 a
1343 1417 1459 1470 viro
1507 1417 1821 1469 doctissimo

127 1493 183 1542 et
220 1490 604 1544 liberalissimo
644 1494 842 1559 petere,
879 1494 941 1543 ut
978 1509 1064 1543 me
1105 1490 1169 1543 de
1200 1490 1524 1543 lectionibus
1557 1491 1826 1543 librorum.

126 1565 489 1632 posteriorum
539 1565 761 1617 dubium
808 1565 1093 1618 certiorem
1141 1564 1367 1633 faceret3
1417 1563 1559 1634 quod
1606 1564 1826 1634 quidem

124 1637 511 1691 humanissime
551 1638 687 1691 mihi
726 1639 995 1708 praebuit.

275 1709 417 1764 Ood.
450 1710 764 1766 Gronovii
799 1713 869 1765 70
910 1711 1029 1783 (Nr.
1062 1712 1171 1764 374
1211 1711 1353 1781 apud
1386 1709 1655 1781 Geelium)
1690 1711 1823 1764 olim

123 1784 458 1856 Berneggeri
503 1805 538 1850 g
584 1787 879 1840 membran.
928 1805 1062 1839 saec.
1110 1783 1205 1837 XIi
1251 1786 1361 1838 214
1408 1785 1521 1838 foll.
1568 1783 1649 1853 4⁰,
1703 1786 1826 1854 pul-

124 1858 388 1912 cherrime
422 1861 653 1927 scriptus
686 1878 786 1913 nec
808 1864 991 1912 tamen
1022 1878 1130 1912 una
1163 1859 1454 1927 eademque
1485 1877 1666 1928 manu,
1697 1877 1828 1912 con-

123 1932 263 1985 tinet
316 1932 595 1985 Thebaida
649 1951 771 1987 cum
826 1933 1046 1986 scholiis
1102 1934 1159 1985 in
1216 1933 1462 2001 margine
1519 1933 1827 2000 adscriptis.

123 2004 411 2076 Inscripsit
436 2007 647 2075 aliquiS‚
671 2008 902 2061 fortasse
925 2007 1319 2076 BerneggeruS,
1343 2006 1666 2076 ligamento:
1693 2005 1821 2060 ‘No-

125 2079 294 2133 biliss.
335 2079 482 2133 Ioan.
523 2080 825 2135 Ludovi‘cus
867 2081 1103 2150 Peyerus
1144 2078 1544 2150 Scaphusianus
1591 2081 1694 2133 hoc
1743 2081 1826 2133 bi-

0 2167 24 2219 ῑχ
123 2152 427 2207 bliothecae
458 2153 908 2225 Herbipolitanae
942 2155 1176 2224 spolium
1210 2155 1349 2207 dono
1382 2155 1534 2207 misit
1557 2153 1824 2208 Matthiae

0 2229 17 2298 ἦ
123 2225 485 2297 Berneggero.
518 2228 694 2283 1635?
739 2227 919 2282 Codex
943 2247 1051 2282 non
1077 2228 1232 2297 parvi
1255 2229 1516 2281 momenti
1540 2228 1821 2281 habendus

14 2335 21 2369 3
124 2303 208 2352 est
235 2304 287 2353 et
314 2301 464 2354 cuius
490 2302 695 2355 scholia
721 2303 969 2356 videntur
1000 2303 1179 2372 digna,
1213 2320 1349 2371 quae
1376 2303 1678 2355 accuratius
1703 2321 1822 2371 per-

0 2412 18 2453 .‘
127 2374 444 2428 lustrentur.
521 2375 733 2429 Desunt
776 2376 902 2429 libri
940 2375 995 2428 H
1035 2394 1220 2429 versus
1271 2376 1597 2430 367—458.
1673 2374 1829 2429 Citat

18 2454 25 2522 Jv
127 2445 431 2501 Gronovius
462 2448 714 2502 ‘codicem
750 2451 1031 2519 optimum,
1065 2468 1222 2518 quem
1257 2469 1289 2502 a
1312 2468 1359 2502 V.
1386 2451 1449 2503 ol.
1475 2450 1827 2520 Berneggero

123 2520 382 2573 utendum
434 2523 727 2591 acceperit'
778 2524 844 2576 ad
891 2524 1058 2576 Theb.
1104 2522 1156 2575 X
1206 2524 1309 2577 166
1355 2523 1510 2592 (171)
1567 2523 1646 2576 XI
1694 2523 1820 2576 429.

121 2593 228 2646 567
271 2593 324 2645 ΙΙ
357 2594 461 2647 551
505 2595 639 2649 VIII
681 2598 805 2650 226.
882 2596 1106 2649 Librum
1146 2598 1260 2665 ipse
1302 2598 1520 2651 contuli.

276 2666 419 2721 Ood.
460 2666 877 2724 Cassellanus
924 2668 1083 2741 (olim
1129 2669 1529 2740 Hasungensis)
1570 2689 1622 2738 c,
1669 2669 1820 2722 cuius

40 2779 41 2782 ,
122 2741 381 2795 lectiones
436 2760 544 2795 una
605 2762 725 2797 cum
790 2745 1176 2797 commentario
1240 2745 1442 2814 publici
1504 2745 1636 2796 iuris
1690 2742 1827 2796 fecit

125 2811 182 2868 O.
220 2813 278 2868 F.
318 2814 583 2868 Weberus
623 2835 801 2888 progr.
841 2820 1072 2871 univers,
1111 2817 1387 2888 Marburg.
1432 2817 1587 2871 1853.
1655 2816 1823 2869 Liber

125 2891 374 2941 exaratus
422 2889 579 2944 initio
622 2909 756 2945 saec.
795 2889 890 2943 XIi
929 2891 1092 2960 (anno
1141 2891 1255 2944 MX
1300 2895 1519 2945 auctore
1558 2887 1823 2960 Webero)
