<?xml version="1.0" encoding="UTF-8"?>
<!DOCTYPE html PUBLIC "-//W3C//DTD XHTML 1.0 Transitional//EN"
    "http://www.w3.org/TR/xhtml1/DTD/xhtml1-transitional.dtd">
<html xmlns="http://www.w3.org/1999/xhtml" xml:lang="en" lang="en">
 <head>
  <title>
</title>
<meta http-equiv="Content-Type" content="text/html;charset=utf-8" />
  <meta name='ocr-system' content='tesseract 3.04.00' />
  <meta name='ocr-capabilities' content='ocr_page ocr_carea ocr_par ocr_line ocrx_word'/>
</head>
<body>
  <div class='ocr_page' id='page_1' title='image "./operapapinius212statuoft_0096.png"; bbox 0 0 2008 3198; ppageno 0'>
   <div class='ocr_carea' id='block_1_1' title="bbox 198 156 1310 208">
    <p class='ocr_par' dir='ltr' id='par_1_1' title="bbox 198 156 1310 208">
     <span class='ocr_line' id='line_1_1' title="bbox 198 156 1310 208; baseline 0.003 -7"><span class='ocrx_word' id='word_1_1' title='bbox 198 156 231 208; x_wconf 88' lang='grc'>8</span> <span class='ocrx_word' id='word_1_2' title='bbox 778 158 826 203; x_wconf 89' lang='lat' dir='ltr'>P.</span> <span class='ocrx_word' id='word_1_3' title='bbox 859 158 1087 203; x_wconf 90' lang='lat' dir='ltr'>PAPINII</span> <span class='ocrx_word' id='word_1_4' title='bbox 1118 158 1310 204; x_wconf 85' lang='lat' dir='ltr'>STATII</span> 
     </span>
    </p>
   </div>
   <div class='ocr_carea' id='block_1_2' title="bbox 189 275 1888 2343">
    <p class='ocr_par' dir='ltr' id='par_1_2' title="bbox 198 275 1567 347">
     <span class='ocr_line' id='line_1_2' title="bbox 198 275 1567 347; baseline 0.004 -18"><span class='ocrx_word' id='word_1_5' title='bbox 198 275 507 347; x_wconf 83' lang='lat' dir='ltr'>Oedipodae</span> <span class='ocrx_word' id='word_1_6' title='bbox 548 279 750 332; x_wconf 80' lang='lat' dir='ltr'>sedisse</span> <span class='ocrx_word' id='word_1_7' title='bbox 789 280 922 334; x_wconf 89' lang='lat' dir='ltr'>loco.</span> <span class='ocrx_word' id='word_1_8' title='bbox 1001 279 1116 333; x_wconf 90' lang='lat' dir='ltr'>Iam</span> <span class='ocrx_word' id='word_1_9' title='bbox 1157 284 1300 334; x_wconf 90' lang='lat' dir='ltr'>sorte</span> <span class='ocrx_word' id='word_1_10' title='bbox 1341 281 1567 335; x_wconf 88' lang='lat' dir='ltr'>cadebat</span> 
     </span>
    </p>

    <p class='ocr_par' dir='ltr' id='par_1_3' title="bbox 196 350 1885 574">
     <span class='ocr_line' id='line_1_3' title="bbox 196 350 1885 427; baseline 0.004 -24"><span class='ocrx_word' id='word_1_11' title='bbox 196 350 413 404; x_wconf 86' lang='lat' dir='ltr'>Dilatus</span> <span class='ocrx_word' id='word_1_12' title='bbox 452 351 726 421; x_wconf 86' lang='lat' dir='ltr'>Polynicis</span> <span class='ocrx_word' id='word_1_13' title='bbox 765 353 954 408; x_wconf 89' lang='grc'><strong>1101108.</strong></span> <span class='ocrx_word' id='word_1_14' title='bbox 1031 353 1163 416; x_wconf 82' lang='lat' dir='ltr'>Quis</span> <span class='ocrx_word' id='word_1_15' title='bbox 1202 357 1331 408; x_wconf 90' lang='lat' dir='ltr'>tunc</span> <span class='ocrx_word' id='word_1_16' title='bbox 1368 355 1493 425; x_wconf 88' lang='lat' dir='ltr'>tibi,</span> <span class='ocrx_word' id='word_1_17' title='bbox 1534 373 1713 427; x_wconf 84' lang='lat' dir='ltr'>saeve,</span> <span class='ocrx_word' id='word_1_18' title='bbox 1804 369 1885 411; x_wconf 84' lang='lat'>165</span> 
     </span>
     <span class='ocr_line' id='line_1_4' title="bbox 197 423 1595 496; baseline 0.004 -19"><span class='ocrx_word' id='word_1_19' title='bbox 197 423 329 486; x_wconf 82' lang='lat' dir='ltr'>Quis</span> <span class='ocrx_word' id='word_1_20' title='bbox 369 425 474 478; x_wconf 90' lang='lat' dir='ltr'>fuit</span> <span class='ocrx_word' id='word_1_21' title='bbox 511 426 605 479; x_wconf 90' lang='lat' dir='ltr'>ille</span> <span class='ocrx_word' id='word_1_22' title='bbox 645 427 779 496; x_wconf 83' lang='lat' dir='ltr'>dies,</span> <span class='ocrx_word' id='word_1_23' title='bbox 817 446 988 483; x_wconf 87' lang='lat' dir='ltr'>vacua</span> <span class='ocrx_word' id='word_1_24' title='bbox 1027 446 1148 481; x_wconf 92' lang='lat' dir='ltr'>cum</span> <span class='ocrx_word' id='word_1_25' title='bbox 1189 429 1335 482; x_wconf 88' lang='lat' dir='ltr'>solus</span> <span class='ocrx_word' id='word_1_26' title='bbox 1374 429 1432 482; x_wconf 93' lang='lat' dir='ltr'>in</span> <span class='ocrx_word' id='word_1_27' title='bbox 1470 429 1595 483; x_wconf 87' lang='lat' dir='ltr'>aula</span> 
     </span>
     <span class='ocr_line' id='line_1_5' title="bbox 198 498 1687 574; baseline 0.004 -23"><span class='ocrx_word' id='word_1_28' title='bbox 198 498 512 568; x_wconf 84' lang='lat' dir='ltr'>Respiceres</span> <span class='ocrx_word' id='word_1_29' title='bbox 552 500 637 553; x_wconf 89' lang='lat' dir='ltr'>ius</span> <span class='ocrx_word' id='word_1_30' title='bbox 678 518 835 554; x_wconf 89' lang='lat' dir='ltr'>omne</span> <span class='ocrx_word' id='word_1_31' title='bbox 874 504 1027 554; x_wconf 89' lang='lat' dir='ltr'>tuum</span> <span class='ocrx_word' id='word_1_32' title='bbox 1066 505 1389 572; x_wconf 87' lang='lat' dir='ltr'>cunctosque</span> <span class='ocrx_word' id='word_1_33' title='bbox 1428 503 1687 574; x_wconf 87' lang='lat' dir='ltr'>minores,</span> 
     </span>
    </p>

    <p class='ocr_par' dir='ltr' id='par_1_4' title="bbox 196 572 1888 941">
     <span class='ocr_line' id='line_1_6' title="bbox 196 572 1888 647; baseline 0.004 -22"><span class='ocrx_word' id='word_1_34' title='bbox 196 572 272 626; x_wconf 89' lang='lat' dir='ltr'>Et</span> <span class='ocrx_word' id='word_1_35' title='bbox 309 592 576 642; x_wconf 85' lang='lat' dir='ltr'>nusquam</span> <span class='ocrx_word' id='word_1_36' title='bbox 614 593 714 643; x_wconf 89' lang='lat' dir='ltr'>par</span> <span class='ocrx_word' id='word_1_37' title='bbox 754 578 897 628; x_wconf 85' lang='lat' dir='ltr'>stare</span> <span class='ocrx_word' id='word_1_38' title='bbox 937 577 1137 646; x_wconf 82' lang='lat' dir='ltr'>caput?</span> <span class='ocrx_word' id='word_1_39' title='bbox 1197 576 1315 630; x_wconf 92' lang='lat' dir='ltr'>Iam</span> <span class='ocrx_word' id='word_1_40' title='bbox 1354 595 1631 631; x_wconf 89' lang='lat' dir='ltr'>murmura</span> <span class='ocrx_word' id='word_1_41' title='bbox 1664 580 1888 647; x_wconf 84' lang='lat' dir='ltr'>serpunt</span> 
     </span>
     <span class='ocr_line' id='line_1_7' title="bbox 196 647 1700 721; baseline 0.003 -22"><span class='ocrx_word' id='word_1_42' title='bbox 196 647 377 700; x_wconf 89' lang='lat' dir='ltr'>Plebis</span> <span class='ocrx_word' id='word_1_43' title='bbox 417 647 738 718; x_wconf 79' lang='lat' dir='ltr'>Echioniae,</span> <span class='ocrx_word' id='word_1_44' title='bbox 777 650 1111 719; x_wconf 90' lang='lat' dir='ltr'>tacitumque</span> <span class='ocrx_word' id='word_1_45' title='bbox 1151 669 1183 703; x_wconf 92' lang='lat' dir='ltr'>a</span> <span class='ocrx_word' id='word_1_46' title='bbox 1221 651 1464 720; x_wconf 83' lang='lat' dir='ltr'>principe</span> <span class='ocrx_word' id='word_1_47' title='bbox 1503 651 1700 721; x_wconf 86' lang='lat' dir='ltr'>vulgus</span> 
     </span>
     <span class='ocr_line' id='line_1_8' title="bbox 196 720 1884 793; baseline 0.003 -19"><span class='ocrx_word' id='word_1_48' title='bbox 196 720 459 791; x_wconf 73' lang='lat' dir='ltr'>Dissidet,</span> <span class='ocrx_word' id='word_1_49' title='bbox 502 725 576 790; x_wconf 92' lang='lat' dir='ltr'>et,</span> <span class='ocrx_word' id='word_1_50' title='bbox 617 723 709 791; x_wconf 92' lang='lat' dir='ltr'>qui</span> <span class='ocrx_word' id='word_1_51' title='bbox 748 741 866 776; x_wconf 81' lang='lat' dir='ltr'>mos</span> <span class='ocrx_word' id='word_1_52' title='bbox 904 724 1142 793; x_wconf 88' lang='lat' dir='ltr'>populis,</span> <span class='ocrx_word' id='word_1_53' title='bbox 1182 728 1437 778; x_wconf 86' lang='lat' dir='ltr'>venturus</span> <span class='ocrx_word' id='word_1_54' title='bbox 1478 729 1705 778; x_wconf 87' lang='lat' dir='ltr'>amatur.</span> <span class='ocrx_word' id='word_1_55' title='bbox 1799 739 1884 780; x_wconf 90' lang='grc'>170</span> 
     </span>
     <span class='ocr_line' id='line_1_9' title="bbox 197 794 1691 866; baseline 0.003 -19"><span class='ocrx_word' id='word_1_56' title='bbox 197 794 376 864; x_wconf 81' lang='lat' dir='ltr'>Atque</span> <span class='ocrx_word' id='word_1_57' title='bbox 419 796 638 866; x_wconf 79' lang='lat' dir='ltr'>aliquiS,</span> <span class='ocrx_word' id='word_1_58' title='bbox 678 797 764 850; x_wconf 93' lang='lat' dir='ltr'>cui</span> <span class='ocrx_word' id='word_1_59' title='bbox 803 815 955 850; x_wconf 83' lang='lat' dir='ltr'>mens</span> <span class='ocrx_word' id='word_1_60' title='bbox 992 798 1186 851; x_wconf 90' lang='lat' dir='ltr'>humili</span> <span class='ocrx_word' id='word_1_61' title='bbox 1225 799 1448 852; x_wconf 87' lang='lat' dir='ltr'>laesisse</span> <span class='ocrx_word' id='word_1_62' title='bbox 1487 817 1691 852; x_wconf 85' lang='lat' dir='ltr'>veneno</span> 
     </span>
     <span class='ocr_line' id='line_1_10' title="bbox 197 867 1664 941; baseline 0.003 -20"><span class='ocrx_word' id='word_1_63' title='bbox 197 867 418 923; x_wconf 82' lang='lat' dir='ltr'>Summa</span> <span class='ocrx_word' id='word_1_64' title='bbox 456 888 555 923; x_wconf 91' lang='lat' dir='ltr'>nec</span> <span class='ocrx_word' id='word_1_65' title='bbox 595 871 879 939; x_wconf 83' lang='lat' dir='ltr'>impositos</span> <span class='ocrx_word' id='word_1_66' title='bbox 919 891 1177 941; x_wconf 89' lang='lat' dir='ltr'>umquam</span> <span class='ocrx_word' id='word_1_67' title='bbox 1216 874 1418 926; x_wconf 88' lang='lat' dir='ltr'>cervice</span> <span class='ocrx_word' id='word_1_68' title='bbox 1458 873 1664 926; x_wconf 81' lang='lat' dir='ltr'>volenti</span> 
     </span>
    </p>

    <p class='ocr_par' dir='ltr' id='par_1_5' title="bbox 191 942 1884 1238">
     <span class='ocr_line' id='line_1_11' title="bbox 193 942 1763 1017; baseline 0.003 -22"><span class='ocrx_word' id='word_1_69' title='bbox 193 942 354 996; x_wconf 87' lang='lat' dir='ltr'>Ferre</span> <span class='ocrx_word' id='word_1_70' title='bbox 394 943 576 1014; x_wconf 74' lang='lat' dir='ltr'>duceS,</span> <span class='ocrx_word' id='word_1_71' title='bbox 617 943 868 998; x_wconf 71' lang='lat' dir='ltr'>‘Hancne</span> <span class='ocrx_word' id='word_1_72' title='bbox 909 944 1163 1016; x_wconf 85' lang='lat' dir='ltr'>Ogygiis&#39;</span> <span class='ocrx_word' id='word_1_73' title='bbox 1205 947 1304 1017; x_wconf 88' lang='lat' dir='ltr'>ait,</span> <span class='ocrx_word' id='word_1_74' title='bbox 1346 946 1564 1015; x_wconf 71' lang='lat' dir='ltr'>‘aspera</span> <span class='ocrx_word' id='word_1_75' title='bbox 1600 947 1763 1001; x_wconf 87' lang='lat' dir='ltr'>rebus</span> 
     </span>
     <span class='ocr_line' id='line_1_12' title="bbox 192 1016 1581 1087; baseline 0.004 -18"><span class='ocrx_word' id='word_1_76' title='bbox 192 1016 333 1070; x_wconf 85' lang='lat' dir='ltr'>Fata</span> <span class='ocrx_word' id='word_1_77' title='bbox 372 1018 545 1070; x_wconf 88' lang='lat' dir='ltr'>tulere</span> <span class='ocrx_word' id='word_1_78' title='bbox 584 1018 780 1087; x_wconf 86' lang='lat' dir='ltr'>vicem,</span> <span class='ocrx_word' id='word_1_79' title='bbox 818 1020 1021 1072; x_wconf 91' lang='lat' dir='ltr'>totiens</span> <span class='ocrx_word' id='word_1_80' title='bbox 1063 1023 1274 1073; x_wconf 90' lang='lat' dir='ltr'>mutare</span> <span class='ocrx_word' id='word_1_81' title='bbox 1312 1021 1581 1074; x_wconf 87' lang='lat' dir='ltr'>timendos</span> 
     </span>
     <span class='ocr_line' id='line_1_13' title="bbox 191 1091 1884 1162; baseline 0.002 -19"><span class='ocrx_word' id='word_1_82' title='bbox 191 1091 528 1161; x_wconf 91' lang='lat' dir='ltr'>Alternoque</span> <span class='ocrx_word' id='word_1_83' title='bbox 567 1092 696 1162; x_wconf 83' lang='lat' dir='ltr'>iugo</span> <span class='ocrx_word' id='word_1_84' title='bbox 736 1093 1045 1147; x_wconf 72' lang='lat' dir='ltr'>dubitantia</span> <span class='ocrx_word' id='word_1_85' title='bbox 1084 1094 1309 1147; x_wconf 88' lang='lat' dir='ltr'>subdere</span> <span class='ocrx_word' id='word_1_86' title='bbox 1350 1094 1525 1148; x_wconf 76' lang='lat' dir='ltr'>colla?</span> <span class='ocrx_word' id='word_1_87' title='bbox 1800 1107 1884 1148; x_wconf 86' lang='grc'>175</span> 
     </span>
     <span class='ocr_line' id='line_1_14' title="bbox 191 1163 1470 1238; baseline 0.003 -21"><span class='ocrx_word' id='word_1_88' title='bbox 191 1163 389 1218; x_wconf 91' lang='lat' dir='ltr'>Partiti</span> <span class='ocrx_word' id='word_1_89' title='bbox 427 1170 647 1219; x_wconf 86' lang='lat' dir='ltr'>versant</span> <span class='ocrx_word' id='word_1_90' title='bbox 684 1167 1006 1236; x_wconf 90' lang='lat' dir='ltr'>populorum</span> <span class='ocrx_word' id='word_1_91' title='bbox 1046 1167 1162 1221; x_wconf 86' lang='lat' dir='ltr'>fata</span> <span class='ocrx_word' id='word_1_92' title='bbox 1200 1187 1470 1238; x_wconf 90' lang='lat' dir='ltr'>manuque</span> 
     </span>
    </p>

    <p class='ocr_par' dir='ltr' id='par_1_6' title="bbox 190 1238 1885 1606">
     <span class='ocr_line' id='line_1_15' title="bbox 194 1238 1580 1311; baseline 0.003 -20"><span class='ocrx_word' id='word_1_93' title='bbox 194 1238 493 1292; x_wconf 75' lang='lat' dir='ltr'>Fortunam</span> <span class='ocrx_word' id='word_1_94' title='bbox 531 1240 705 1293; x_wconf 87' lang='lat' dir='ltr'>fecere</span> <span class='ocrx_word' id='word_1_95' title='bbox 744 1242 932 1294; x_wconf 87' lang='lat' dir='ltr'>levem.</span> <span class='ocrx_word' id='word_1_96' title='bbox 1010 1241 1300 1311; x_wconf 82' lang='lat' dir='ltr'>Semperne</span> <span class='ocrx_word' id='word_1_97' title='bbox 1339 1242 1580 1295; x_wconf 84' lang='lat' dir='ltr'>vicissim</span> 
     </span>
     <span class='ocr_line' id='line_1_16' title="bbox 192 1311 1619 1386; baseline 0.004 -22"><span class='ocrx_word' id='word_1_98' title='bbox 192 1311 461 1367; x_wconf 87' lang='lat' dir='ltr'>Exulibus</span> <span class='ocrx_word' id='word_1_99' title='bbox 503 1315 702 1368; x_wconf 85' lang='lat' dir='ltr'>servire</span> <span class='ocrx_word' id='word_1_100' title='bbox 743 1315 947 1368; x_wconf 77' lang='lat' dir='ltr'>dabor?</span> <span class='ocrx_word' id='word_1_101' title='bbox 985 1316 1110 1386; x_wconf 87' lang='lat' dir='ltr'>tibi,</span> <span class='ocrx_word' id='word_1_102' title='bbox 1151 1335 1359 1370; x_wconf 87' lang='lat' dir='ltr'>summe</span> <span class='ocrx_word' id='word_1_103' title='bbox 1398 1316 1619 1370; x_wconf 91' lang='lat' dir='ltr'>deorum</span> 
     </span>
     <span class='ocr_line' id='line_1_17' title="bbox 194 1386 1691 1458; baseline 0.003 -19"><span class='ocrx_word' id='word_1_104' title='bbox 194 1386 591 1457; x_wconf 87' lang='lat' dir='ltr'>Terrarumque</span> <span class='ocrx_word' id='word_1_105' title='bbox 633 1392 803 1458; x_wconf 87' lang='lat' dir='ltr'>sator,</span> <span class='ocrx_word' id='word_1_106' title='bbox 844 1390 1007 1442; x_wconf 87' lang='lat' dir='ltr'>sociis</span> <span class='ocrx_word' id='word_1_107' title='bbox 1045 1390 1185 1443; x_wconf 91' lang='lat' dir='ltr'>hanc</span> <span class='ocrx_word' id='word_1_108' title='bbox 1225 1390 1418 1443; x_wconf 87' lang='lat' dir='ltr'>addere</span> <span class='ocrx_word' id='word_1_109' title='bbox 1456 1393 1691 1443; x_wconf 87' lang='lat' dir='ltr'>mentem</span> 
     </span>
     <span class='ocr_line' id='line_1_18' title="bbox 193 1459 1885 1534; baseline 0.003 -21"><span class='ocrx_word' id='word_1_110' title='bbox 193 1459 382 1514; x_wconf 82' lang='lat' dir='ltr'>Sedit?</span> <span class='ocrx_word' id='word_1_111' title='bbox 446 1462 535 1515; x_wconf 91' lang='lat' dir='ltr'>An</span> <span class='ocrx_word' id='word_1_112' title='bbox 573 1462 698 1515; x_wconf 92' lang='lat' dir='ltr'>inde</span> <span class='ocrx_word' id='word_1_113' title='bbox 738 1466 893 1516; x_wconf 87' lang='lat' dir='ltr'>vetus</span> <span class='ocrx_word' id='word_1_114' title='bbox 933 1463 1136 1517; x_wconf 87' lang='lat' dir='ltr'>Thebis</span> <span class='ocrx_word' id='word_1_115' title='bbox 1177 1464 1486 1517; x_wconf 75' lang='lat' dir='ltr'>extenditur</span> <span class='ocrx_word' id='word_1_116' title='bbox 1523 1482 1705 1534; x_wconf 90' lang='lat' dir='ltr'>omen,</span> <span class='ocrx_word' id='word_1_117' title='bbox 1800 1477 1885 1519; x_wconf 83' lang='grc'>180</span> 
     </span>
     <span class='ocr_line' id='line_1_19' title="bbox 190 1535 1532 1606; baseline 0.003 -19"><span class='ocrx_word' id='word_1_118' title='bbox 190 1535 275 1605; x_wconf 75' lang='lat' dir='ltr'>Ex</span> <span class='ocrx_word' id='word_1_119' title='bbox 316 1554 420 1605; x_wconf 91' lang='lat' dir='ltr'>quo</span> <span class='ocrx_word' id='word_1_120' title='bbox 463 1535 674 1590; x_wconf 80' lang='lat' dir='ltr'>Sidonii</span> <span class='ocrx_word' id='word_1_121' title='bbox 712 1537 1046 1606; x_wconf 89' lang='lat' dir='ltr'>nequiquam</span> <span class='ocrx_word' id='word_1_122' title='bbox 1084 1538 1285 1591; x_wconf 88' lang='lat' dir='ltr'>blanda</span> <span class='ocrx_word' id='word_1_123' title='bbox 1324 1538 1532 1591; x_wconf 87' lang='lat' dir='ltr'>iuvenci</span> 
     </span>
    </p>

    <p class='ocr_par' dir='ltr' id='par_1_7' title="bbox 191 1608 1721 1826">
     <span class='ocr_line' id='line_1_20' title="bbox 191 1608 1721 1680; baseline 0.001 -18"><span class='ocrx_word' id='word_1_124' title='bbox 191 1608 440 1662; x_wconf 87' lang='lat' dir='ltr'>Pondera</span> <span class='ocrx_word' id='word_1_125' title='bbox 481 1608 776 1678; x_wconf 81' lang='lat' dir='ltr'>Carpathio</span> <span class='ocrx_word' id='word_1_126' title='bbox 818 1611 995 1663; x_wconf 89' lang='lat' dir='ltr'>iussus</span> <span class='ocrx_word' id='word_1_127' title='bbox 1038 1612 1151 1664; x_wconf 88' lang='lat' dir='ltr'>sale</span> <span class='ocrx_word' id='word_1_128' title='bbox 1191 1630 1446 1680; x_wconf 91' lang='lat' dir='ltr'>quaerere</span> <span class='ocrx_word' id='word_1_129' title='bbox 1487 1610 1721 1665; x_wconf 87' lang='lat' dir='ltr'>Cadmus</span> 
     </span>
     <span class='ocr_line' id='line_1_21' title="bbox 192 1682 1466 1755; baseline 0.002 -20"><span class='ocrx_word' id='word_1_130' title='bbox 192 1682 334 1736; x_wconf 86' lang='lat' dir='ltr'>Exul</span> <span class='ocrx_word' id='word_1_131' title='bbox 366 1683 650 1753; x_wconf 79' lang='lat' dir='ltr'>Hyanteos</span> <span class='ocrx_word' id='word_1_132' title='bbox 690 1684 899 1736; x_wconf 89' lang='lat' dir='ltr'>invenit</span> <span class='ocrx_word' id='word_1_133' title='bbox 937 1702 1107 1754; x_wconf 85' lang='lat' dir='ltr'>regna</span> <span class='ocrx_word' id='word_1_134' title='bbox 1145 1703 1242 1755; x_wconf 92' lang='lat' dir='ltr'>per</span> <span class='ocrx_word' id='word_1_135' title='bbox 1281 1703 1439 1755; x_wconf 85' lang='lat' dir='ltr'>agros</span> <span class='ocrx_word' id='word_1_136' title='bbox 1451 1726 1466 1750; x_wconf 92' lang='lat'>,</span> 
     </span>
     <span class='ocr_line' id='line_1_22' title="bbox 193 1755 1397 1826; baseline 0.002 -17"><span class='ocrx_word' id='word_1_137' title='bbox 193 1755 588 1826; x_wconf 88' lang='lat' dir='ltr'>Fraternasque</span> <span class='ocrx_word' id='word_1_138' title='bbox 629 1757 768 1810; x_wconf 87' lang='lat' dir='ltr'>acies</span> <span class='ocrx_word' id='word_1_139' title='bbox 808 1757 952 1811; x_wconf 85' lang='lat' dir='ltr'>fetae</span> <span class='ocrx_word' id='word_1_140' title='bbox 991 1759 1203 1811; x_wconf 87' lang='lat' dir='ltr'>telluris</span> <span class='ocrx_word' id='word_1_141' title='bbox 1242 1758 1397 1812; x_wconf 89' lang='lat' dir='ltr'>hiatu</span> 
     </span>
    </p>

    <p class='ocr_par' dir='ltr' id='par_1_8' title="bbox 190 1831 1881 1974">
     <span class='ocr_line' id='line_1_23' title="bbox 190 1831 1881 1902; baseline 0.002 -19"><span class='ocrx_word' id='word_1_142' title='bbox 190 1831 495 1900; x_wconf 82' lang='lat' dir='ltr'>Augurium</span> <span class='ocrx_word' id='word_1_143' title='bbox 535 1849 681 1884; x_wconf 86' lang='lat' dir='ltr'>seros</span> <span class='ocrx_word' id='word_1_144' title='bbox 722 1831 926 1884; x_wconf 89' lang='lat' dir='ltr'>dimisit</span> <span class='ocrx_word' id='word_1_145' title='bbox 964 1832 1032 1885; x_wconf 90' lang='lat' dir='ltr'>ad</span> <span class='ocrx_word' id='word_1_146' title='bbox 1070 1851 1238 1902; x_wconf 92' lang='lat' dir='ltr'>usque</span> <span class='ocrx_word' id='word_1_147' title='bbox 1278 1833 1537 1902; x_wconf 81' lang='lat' dir='ltr'>nepotes?</span> <span class='ocrx_word' id='word_1_148' title='bbox 1797 1845 1881 1887; x_wconf 83' lang='lat'>185</span> 
     </span>
     <span class='ocr_line' id='line_1_24' title="bbox 191 1903 1614 1974; baseline 0.001 -17"><span class='ocrx_word' id='word_1_149' title='bbox 191 1903 400 1974; x_wconf 81' lang='lat' dir='ltr'>Cernis,</span> <span class='ocrx_word' id='word_1_150' title='bbox 439 1908 502 1958; x_wconf 94' lang='lat' dir='ltr'>ut</span> <span class='ocrx_word' id='word_1_151' title='bbox 549 1907 728 1958; x_wconf 90' lang='lat' dir='ltr'>erecta</span> <span class='ocrx_word' id='word_1_152' title='bbox 766 1909 983 1959; x_wconf 87' lang='lat' dir='ltr'>torvum</span> <span class='ocrx_word' id='word_1_153' title='bbox 1025 1907 1123 1959; x_wconf 89' lang='lat' dir='ltr'>sub</span> <span class='ocrx_word' id='word_1_154' title='bbox 1165 1906 1341 1960; x_wconf 90' lang='lat' dir='ltr'>fronte</span> <span class='ocrx_word' id='word_1_155' title='bbox 1380 1907 1614 1960; x_wconf 87' lang='lat' dir='ltr'>minetur</span> 
     </span>
    </p>

    <p class='ocr_par' dir='ltr' id='par_1_9' title="bbox 193 1977 1600 2049">
     <span class='ocr_line' id='line_1_25' title="bbox 193 1977 1600 2049; baseline 0.001 -17"><span class='ocrx_word' id='word_1_156' title='bbox 193 1977 414 2032; x_wconf 82' lang='lat' dir='ltr'>Saevior</span> <span class='ocrx_word' id='word_1_157' title='bbox 455 1979 752 2049; x_wconf 85' lang='lat' dir='ltr'>adsurgens</span> <span class='ocrx_word' id='word_1_158' title='bbox 793 1980 1012 2049; x_wconf 90' lang='lat' dir='ltr'>dempto</span> <span class='ocrx_word' id='word_1_159' title='bbox 1053 1983 1302 2034; x_wconf 81' lang='lat' dir='ltr'>consorte</span> <span class='ocrx_word' id='word_1_160' title='bbox 1341 1984 1600 2049; x_wconf 77' lang='lat' dir='ltr'>potestas·</span> 
     </span>
    </p>

    <p class='ocr_par' dir='ltr' id='par_1_10' title="bbox 189 2052 1882 2343">
     <span class='ocr_line' id='line_1_26' title="bbox 192 2052 1794 2123; baseline 0.001 -18"><span class='ocrx_word' id='word_1_161' title='bbox 192 2052 337 2115; x_wconf 81' lang='lat' dir='ltr'>Quas</span> <span class='ocrx_word' id='word_1_162' title='bbox 378 2053 521 2123; x_wconf 82' lang='lat' dir='ltr'>gerit</span> <span class='ocrx_word' id='word_1_163' title='bbox 561 2071 652 2106; x_wconf 91' lang='lat' dir='ltr'>ore</span> <span class='ocrx_word' id='word_1_164' title='bbox 690 2053 881 2122; x_wconf 86' lang='grc'><strong>11111108,</strong></span> <span class='ocrx_word' id='word_1_165' title='bbox 922 2058 1126 2123; x_wconf 88' lang='lat' dir='ltr'>quanto</span> <span class='ocrx_word' id='word_1_166' title='bbox 1167 2055 1367 2122; x_wconf 87' lang='lat' dir='ltr'>premit</span> <span class='ocrx_word' id='word_1_167' title='bbox 1407 2054 1590 2107; x_wconf 87' lang='lat' dir='ltr'>omnia</span> <span class='ocrx_word' id='word_1_168' title='bbox 1626 2053 1794 2107; x_wconf 83' lang='lat' dir='ltr'>fastu!</span> 
     </span>
     <span class='ocr_line' id='line_1_27' title="bbox 189 2125 1777 2196; baseline 0.002 -18"><span class='ocrx_word' id='word_1_169' title='bbox 189 2125 362 2179; x_wconf 90' lang='lat' dir='ltr'>Hicne</span> <span class='ocrx_word' id='word_1_170' title='bbox 402 2145 660 2196; x_wconf 90' lang='lat' dir='ltr'>umquam</span> <span class='ocrx_word' id='word_1_171' title='bbox 697 2127 940 2195; x_wconf 85' lang='lat' dir='ltr'>privatus</span> <span class='ocrx_word' id='word_1_172' title='bbox 982 2127 1121 2181; x_wconf 79' lang='lat' dir='ltr'>erit‘?</span> <span class='ocrx_word' id='word_1_173' title='bbox 1163 2128 1369 2180; x_wconf 88' lang='lat' dir='ltr'>Tamen</span> <span class='ocrx_word' id='word_1_174' title='bbox 1407 2127 1497 2180; x_wconf 82' lang='grc'><strong>1110</strong></span> <span class='ocrx_word' id='word_1_175' title='bbox 1534 2128 1777 2196; x_wconf 83' lang='lat' dir='ltr'>precanti</span> 
     </span>
     <span class='ocr_line' id='line_1_28' title="bbox 192 2199 1882 2270; baseline 0.002 -18"><span class='ocrx_word' id='word_1_176' title='bbox 192 2199 342 2252; x_wconf 88' lang='lat' dir='ltr'>Mitis</span> <span class='ocrx_word' id='word_1_177' title='bbox 384 2205 438 2254; x_wconf 92' lang='lat' dir='ltr'>et</span> <span class='ocrx_word' id='word_1_178' title='bbox 478 2201 666 2254; x_wconf 87' lang='lat' dir='ltr'>adfatu</span> <span class='ocrx_word' id='word_1_179' title='bbox 706 2202 878 2254; x_wconf 91' lang='lat' dir='ltr'>bonus</span> <span class='ocrx_word' id='word_1_180' title='bbox 921 2204 975 2254; x_wconf 93' lang='lat' dir='ltr'>et</span> <span class='ocrx_word' id='word_1_181' title='bbox 1011 2202 1305 2270; x_wconf 87' lang='lat' dir='ltr'>patientior</span> <span class='ocrx_word' id='word_1_182' title='bbox 1346 2202 1515 2270; x_wconf 89' lang='lat' dir='ltr'>aequi.</span> <span class='ocrx_word' id='word_1_183' title='bbox 1797 2215 1882 2255; x_wconf 86' lang='lat'>190</span> 
     </span>
     <span class='ocr_line' id='line_1_29' title="bbox 193 2273 1828 2343; baseline 0.001 -17"><span class='ocrx_word' id='word_1_184' title='bbox 193 2273 332 2335; x_wconf 83' lang='lat' dir='ltr'>Quid</span> <span class='ocrx_word' id='word_1_185' title='bbox 369 2274 603 2327; x_wconf 82' lang='lat' dir='ltr'>mirum?</span> <span class='ocrx_word' id='word_1_186' title='bbox 644 2273 771 2328; x_wconf 90' lang='lat' dir='ltr'>Non</span> <span class='ocrx_word' id='word_1_187' title='bbox 811 2275 956 2328; x_wconf 87' lang='lat' dir='ltr'>solus</span> <span class='ocrx_word' id='word_1_188' title='bbox 999 2279 1129 2328; x_wconf 88' lang='lat' dir='ltr'>erat.</span> <span class='ocrx_word' id='word_1_189' title='bbox 1205 2273 1342 2343; x_wconf 87' lang='lat' dir='ltr'>Nos,</span> <span class='ocrx_word' id='word_1_190' title='bbox 1383 2275 1507 2327; x_wconf 84' lang='lat' dir='ltr'>vilis</span> <span class='ocrx_word' id='word_1_191' title='bbox 1546 2275 1603 2327; x_wconf 90' lang='lat' dir='ltr'>in</span> <span class='ocrx_word' id='word_1_192' title='bbox 1643 2293 1828 2328; x_wconf 87' lang='lat' dir='ltr'>omnes</span> 
     </span>
    </p>
   </div>
   <div class='ocr_carea' id='block_1_3' title="bbox 186 2384 542 2394">
    <p class='ocr_par' dir='ltr' id='par_1_11' title="bbox 186 2384 542 2394">
     <span class='ocr_line' id='line_1_30' title="bbox 186 2384 542 2394; baseline 0 0"><span class='ocrx_word' id='word_1_193' title='bbox 186 2384 542 2394; x_wconf 95' lang='lat' dir='ltr'> </span> 
     </span>
    </p>
   </div>
   <div class='ocr_carea' id='block_1_4' title="bbox 194 2434 1880 2551">
    <p class='ocr_par' dir='ltr' id='par_1_12' title="bbox 194 2434 1880 2551">
     <span class='ocr_line' id='line_1_31' title="bbox 314 2434 1880 2490; baseline 0.001 -12"><span class='ocrx_word' id='word_1_194' title='bbox 314 2438 397 2478; x_wconf 83' lang='lat'>164</span> <span class='ocrx_word' id='word_1_195' title='bbox 423 2449 490 2490; x_wconf 88' lang='lat' dir='ltr'>sq.</span> <span class='ocrx_word' id='word_1_196' title='bbox 542 2434 655 2478; x_wconf 84' lang='lat' dir='ltr'>‘iam</span> <span class='ocrx_word' id='word_1_197' title='bbox 680 2461 735 2467; x_wconf 93' lang='lat'>—</span> <span class='ocrx_word' id='word_1_198' title='bbox 760 2435 929 2479; x_wconf 87' lang='lat' dir='ltr'>honos&#39;</span> <span class='ocrx_word' id='word_1_199' title='bbox 966 2434 1139 2479; x_wconf 84' lang='lat' dir='ltr'>schol.</span> <span class='ocrx_word' id='word_1_200' title='bbox 1189 2434 1331 2479; x_wconf 89' lang='lat' dir='ltr'>Theb.</span> <span class='ocrx_word' id='word_1_201' title='bbox 1376 2434 1397 2476; x_wconf 94' lang='lat' dir='ltr'>I</span> <span class='ocrx_word' id='word_1_202' title='bbox 1440 2439 1525 2478; x_wconf 81' lang='lat'>312</span> <span class='ocrx_word' id='word_1_203' title='bbox 1557 2449 1601 2490; x_wconf 90' lang='lat' dir='ltr'>p.</span> <span class='ocrx_word' id='word_1_204' title='bbox 1643 2439 1701 2479; x_wconf 82' lang='lat'>20</span> <span class='ocrx_word' id='word_1_205' title='bbox 1739 2434 1786 2479; x_wconf 91' lang='lat' dir='ltr'>L.</span> <span class='ocrx_word' id='word_1_206' title='bbox 1822 2461 1880 2467; x_wconf 89' lang='lat'><strong>—</strong></span> 
     </span>
     <span class='ocr_line' id='line_1_32' title="bbox 194 2492 1697 2551; baseline 0.001 -15"><span class='ocrx_word' id='word_1_207' title='bbox 194 2497 278 2537; x_wconf 90' lang='grc'>173</span> <span class='ocrx_word' id='word_1_208' title='bbox 305 2507 368 2548; x_wconf 89' lang='lat' dir='ltr'>sq.</span> <span class='ocrx_word' id='word_1_209' title='bbox 407 2492 624 2551; x_wconf 85' lang='lat' dir='ltr'>‘Ogygiis</span> <span class='ocrx_word' id='word_1_210' title='bbox 648 2520 706 2526; x_wconf 96' lang='lat'>—</span> <span class='ocrx_word' id='word_1_211' title='bbox 730 2493 901 2538; x_wconf 84' lang='lat' dir='ltr'>vicem’</span> <span class='ocrx_word' id='word_1_212' title='bbox 939 2494 1112 2538; x_wconf 84' lang='lat' dir='ltr'>schol.</span> <span class='ocrx_word' id='word_1_213' title='bbox 1143 2493 1288 2540; x_wconf 88' lang='lat' dir='ltr'>Theb.</span> <span class='ocrx_word' id='word_1_214' title='bbox 1320 2493 1363 2536; x_wconf 89' lang='grc' dir='ltr'>ΙΙ</span> <span class='ocrx_word' id='word_1_215' title='bbox 1395 2498 1450 2538; x_wconf 88' lang='grc'>85</span> <span class='ocrx_word' id='word_1_216' title='bbox 1483 2509 1527 2550; x_wconf 90' lang='lat' dir='ltr'>p.</span> <span class='ocrx_word' id='word_1_217' title='bbox 1561 2498 1618 2538; x_wconf 88' lang='lat'>48</span> <span class='ocrx_word' id='word_1_218' title='bbox 1650 2493 1697 2538; x_wconf 93' lang='lat' dir='ltr'>L.</span> 
     </span>
    </p>
   </div>
   <div class='ocr_carea' id='block_1_5' title="bbox 185 2591 541 2601">
    <p class='ocr_par' dir='ltr' id='par_1_13' title="bbox 185 2591 541 2601">
     <span class='ocr_line' id='line_1_33' title="bbox 185 2591 541 2601; baseline 0 0"><span class='ocrx_word' id='word_1_219' title='bbox 185 2591 541 2601; x_wconf 95' lang='lat' dir='ltr'> </span> 
     </span>
    </p>
   </div>
   <div class='ocr_carea' id='block_1_6' title="bbox 193 2641 1883 2866">
    <p class='ocr_par' dir='ltr' id='par_1_14' title="bbox 193 2641 1883 2866">
     <span class='ocr_line' id='line_1_34' title="bbox 311 2641 1868 2697; baseline 0.001 -13"><span class='ocrx_word' id='word_1_220' title='bbox 311 2644 397 2686; x_wconf 88' lang='grc'>164</span> <span class='ocrx_word' id='word_1_221' title='bbox 441 2642 545 2685; x_wconf 89' lang='lat' dir='ltr'>toro</span> <span class='ocrx_word' id='word_1_222' title='bbox 594 2641 877 2688; x_wconf 79' lang='lat' dir='ltr'>Schraclerus</span> <span class='ocrx_word' id='word_1_223' title='bbox 912 2644 918 2697; x_wconf 91' lang='grc' dir='ltr'>Ι</span> <span class='ocrx_word' id='word_1_224' title='bbox 954 2642 1146 2686; x_wconf 86' lang='lat' dir='ltr'>carebat</span> <span class='ocrx_word' id='word_1_225' title='bbox 1191 2643 1339 2697; x_wconf 60' lang='lat' dir='ltr'>codd„</span> <span class='ocrx_word' id='word_1_226' title='bbox 1396 2655 1508 2687; x_wconf 85' lang='lat' dir='ltr'>corr.</span> <span class='ocrx_word' id='word_1_227' title='bbox 1554 2641 1868 2696; x_wconf 73' lang='lat' dir='ltr'>Bernartius!</span> 
     </span>
     <span class='ocr_line' id='line_1_35' title="bbox 193 2698 1869 2758; baseline 0.001 -15"><span class='ocrx_word' id='word_1_228' title='bbox 193 2704 278 2744; x_wconf 87' lang='grc'>174</span> <span class='ocrx_word' id='word_1_229' title='bbox 310 2698 456 2744; x_wconf 87' lang='lat' dir='ltr'>Pacta</span> <span class='ocrx_word' id='word_1_230' title='bbox 486 2704 528 2745; x_wconf 80' lang='lat' dir='ltr'>et</span> <span class='ocrx_word' id='word_1_231' title='bbox 560 2705 644 2745; x_wconf 89' lang='grc'>177</span> <span class='ocrx_word' id='word_1_232' title='bbox 676 2701 867 2745; x_wconf 88' lang='lat' dir='ltr'>brevem</span> <span class='ocrx_word' id='word_1_233' title='bbox 896 2702 1207 2746; x_wconf 78' lang='lat' dir='ltr'>Baehrensius</span> <span class='ocrx_word' id='word_1_234' title='bbox 1244 2703 1259 2758; x_wconf 81' lang='grc' dir='ltr'>ΙΙ</span> <span class='ocrx_word' id='word_1_235' title='bbox 1301 2706 1383 2746; x_wconf 89' lang='grc'>179</span> <span class='ocrx_word' id='word_1_236' title='bbox 1417 2699 1568 2745; x_wconf 85' lang='grc'><strong>000018</strong></span> <span class='ocrx_word' id='word_1_237' title='bbox 1610 2700 1833 2745; x_wconf 77' lang='lat' dir='ltr'>Gruterus</span> <span class='ocrx_word' id='word_1_238' title='bbox 1865 2698 1869 2756; x_wconf 77' lang='grc' dir='ltr'>Ι</span> 
     </span>
     <span class='ocr_line' id='line_1_36' title="bbox 195 2758 1883 2817; baseline -0.001 -15"><span class='ocrx_word' id='word_1_239' title='bbox 195 2763 277 2803; x_wconf 90' lang='grc'>181</span> <span class='ocrx_word' id='word_1_240' title='bbox 307 2758 524 2803; x_wconf 82' lang='lat' dir='ltr'>Sidonius</span> <span class='ocrx_word' id='word_1_241' title='bbox 549 2759 876 2805; x_wconf 73' lang='lat' dir='ltr'>Lachmarmus</span> <span class='ocrx_word' id='word_1_242' title='bbox 899 2764 913 2817; x_wconf 85' lang='grc' dir='ltr'>ΙΙ</span> <span class='ocrx_word' id='word_1_243' title='bbox 940 2766 1024 2806; x_wconf 86' lang='grc'>184</span> <span class='ocrx_word' id='word_1_244' title='bbox 1047 2760 1204 2804; x_wconf 85' lang='lat' dir='ltr'>hiatus</span> <span class='ocrx_word' id='word_1_245' title='bbox 1224 2759 1551 2805; x_wconf 72' lang='lat' dir='ltr'>Lachmannus</span> <span class='ocrx_word' id='word_1_246' title='bbox 1573 2760 1588 2815; x_wconf 85' lang='grc' dir='ltr'>ΙΙ</span> <span class='ocrx_word' id='word_1_247' title='bbox 1614 2763 1698 2804; x_wconf 91' lang='grc'>186</span> <span class='ocrx_word' id='word_1_248' title='bbox 1723 2759 1883 2802; x_wconf 87' lang='lat' dir='ltr'>erecta</span> 
     </span>
     <span class='ocr_line' id='line_1_37' title="bbox 194 2817 1877 2866; baseline 0.001 -6"><span class='ocrx_word' id='word_1_249' title='bbox 194 2818 380 2862; x_wconf 86' lang='lat' dir='ltr'>torvum</span> <span class='ocrx_word' id='word_1_250' title='bbox 410 2819 720 2864; x_wconf 78' lang='lat' dir='ltr'>Baehrensius</span> <span class='ocrx_word' id='word_1_251' title='bbox 752 2821 956 2864; x_wconf 88' lang='lat' dir='ltr'>erectum</span> <span class='ocrx_word' id='word_1_252' title='bbox 987 2821 1124 2863; x_wconf 83' lang='lat' dir='ltr'>torua</span> <span class='ocrx_word' id='word_1_253' title='bbox 1154 2820 1280 2866; x_wconf 79' lang='lat' dir='ltr'>codd.</span> <span class='ocrx_word' id='word_1_254' title='bbox 1314 2820 1367 2863; x_wconf 90' lang='lat' dir='ltr'>ut</span> <span class='ocrx_word' id='word_1_255' title='bbox 1398 2833 1422 2863; x_wconf 92' lang='lat' dir='ltr'>e</span> <span class='ocrx_word' id='word_1_256' title='bbox 1453 2818 1573 2863; x_wconf 89' lang='lat' dir='ltr'>rictu</span> <span class='ocrx_word' id='word_1_257' title='bbox 1602 2818 1650 2862; x_wconf 89' lang='grc' dir='ltr'>Ο.</span> <span class='ocrx_word' id='word_1_258' title='bbox 1683 2817 1877 2862; x_wconf 82' lang='lat' dir='ltr'>Muelle-</span> 
     </span>
    </p>
   </div>
   <div class='ocr_carea' id='block_1_7' title="bbox 186 2877 696 2933">
    <p class='ocr_par' dir='ltr' id='par_1_15' title="bbox 186 2877 696 2933">
     <span class='ocr_line' id='line_1_38' title="bbox 186 2877 696 2933; baseline 0.004 -13"><span class='ocrx_word' id='word_1_259' title='bbox 186 2890 266 2921; x_wconf 78' lang='lat' dir='ltr'>rus</span> <span class='ocrx_word' id='word_1_260' title='bbox 297 2879 312 2933; x_wconf 90' lang='grc' dir='ltr'>ΙΙ</span> <span class='ocrx_word' id='word_1_261' title='bbox 348 2882 431 2921; x_wconf 86' lang='grc'>190</span> <span class='ocrx_word' id='word_1_262' title='bbox 464 2877 607 2922; x_wconf 87' lang='lat' dir='ltr'>effatu</span> <span class='ocrx_word' id='word_1_263' title='bbox 637 2882 696 2922; x_wconf 86' lang='lat' dir='ltr'>Br</span> 
     </span>
    </p>
   </div>
  </div>
 </body>
</html>
