2008 3198
231 174 300 225 14
803 175 866 218 P:
884 173 1114 219 PAPINII
1145 174 1341 220 STATII

230 293 374 348 Cura
413 296 612 365 virum,
654 295 700 348 si
740 296 951 364 quando
990 296 1253 348 humilem
1294 295 1548 350 decedere
1585 313 1752 366 regno

230 368 561 422 Germanum
602 371 656 421 et
696 373 867 422 semet
905 369 1106 422 Thebis
1147 369 1446 439 opibusque
1484 371 1721 439 potitum

229 441 505 512 Cerneret3
544 444 646 496 hac
686 461 877 496 aevum
917 444 1102 512 cupiat
1138 461 1236 512 pro
1277 444 1395 496 luce
1432 443 1648 512 pacisci.

226 516 385 570 Nunc
426 518 668 586 queritur
708 535 802 570 ceu
833 517 990 571 tarda
1020 517 1183 587 fugae
1216 517 1511 587 dispendia,
1549 518 1642 572 sed
1673 536 1799 572 mox
1830 531 1916 574 320

223 591 449 644 Attollit
488 592 649 644 flatus
691 591 840 645 ducis
881 594 936 644 et
975 592 1176 644 sedisse
1217 592 1484 660 superbus

222 664 446 718 Deiecto
485 666 594 718 iam
634 665 804 718 fratre
843 668 1022 734 putat:
1063 684 1184 734 spes
1226 666 1386 719 anxia
1424 669 1661 720 mentem

222 738 480 792 Extrahit
519 743 573 792 et
611 739 776 808 longo
818 740 1087 793 consumit
1127 739 1324 809 gaudia
1362 743 1504 793 voto.

225 813 376 866 Tunc
418 813 590 882 sedet,
629 812 879 866 Inachias
919 814 1078 866 urbes
1118 813 1464 883 Danaeiaque
1505 832 1634 867 arva

220 886 296 941 Et
335 888 634 957 caligantes
676 889 910 956 abrupto
953 888 1062 940 sole
1101 886 1355 956 Mycenas
1825 900 1911 941 325

223 960 383 1014 Ferre
423 962 528 1014 iter
566 962 922 1030 impavidum,
965 980 1059 1014 seu
1098 962 1319 1031 praevia
1357 961 1505 1014 ducit
1541 960 1765 1031 Erinys²

223 1033 327 1088 Seu
366 1035 479 1088 fors
519 1035 616 1088 illa
655 1037 797 1105 viae,
838 1036 950 1088 sive
989 1035 1090 1088 hac
1123 1036 1331 1088 inmota
1368 1035 1600 1089 vocabat

221 1112 473 1178 Atropos,
552 1109 783 1179 Ogygiis
822 1110 1031 1162 ululata
1068 1109 1344 1163 furoribus
1386 1112 1544 1162 antra

221 1184 435 1236 Deserit
475 1187 530 1236 et
568 1185 795 1253 pingues
836 1183 1081 1236 Baccheo
1124 1184 1383 1253 sanguine
1423 1184 1601 1236 colles,

219 1256 351 1310 Inde
383 1258 619 1327 plagam,
653 1277 758 1327 qua
789 1258 954 1310 molle
988 1257 1178 1310 sedens
1209 1258 1267 1310 in
1298 1257 1462 1327 plana
1494 1255 1790 1310 Cithaeron
1822 1270 1909 1310 330

219 1331 524 1401 Porrigitur
563 1332 872 1400 lassumque
912 1332 1140 1384 inclinat
1179 1331 1245 1384 ad
1286 1349 1520 1400 aequora
1559 1334 1820 1400 montem,

217 1405 502 1458 Praeterit.
578 1404 720 1458 Hinc
761 1410 877 1458 arte
918 1405 1201 1474 scopuloso
1242 1405 1297 1457 in
1336 1405 1508 1458 limite
1547 1405 1786 1474 pendens

217 1479 455 1532 Infames
500 1478 719 1532 Scirone
759 1482 944 1548 petras
986 1478 1336 1548 Scyllaeaque
1375 1498 1500 1532 rura

217 1552 492 1622 Purpureo
534 1556 763 1622 regnata
804 1554 918 1606 seni
958 1554 1254 1622 mitemque
1294 1551 1595 1606 Corinthon

217 1626 441 1696 Linquit
482 1630 536 1680 et
575 1628 633 1679 in
671 1627 862 1679 mediis
905 1627 1054 1679 audit
1094 1627 1197 1680 duo
1238 1627 1402 1679 litora
1442 1627 1661 1695 campis,
1819 1640 1904 1680 335

289 1700 510 1770 Iamque
551 1719 648 1770 per
689 1701 899 1753 emeriti
940 1717 1167 1769 surgens
1200 1700 1432 1752 confinia
1470 1700 1677 1754 Phoebi

216 1774 429 1827 Titanis
470 1775 604 1842 late,
643 1774 840 1826 mundo
882 1775 1136 1827 subvecta
1175 1773 1382 1842 silenti,

217 1848 469 1901 Rorifera
509 1848 748 1918 gelidum
787 1851 1105 1901 tenuaverat
1144 1866 1269 1900 aera
1307 1848 1455 1917 biga3

215 1922 332 1975 Iam
379 1922 610 1991 pecudes
658 1922 1012 1991 volucresque
1055 1925 1262 1991 tacent,
1301 1922 1409 1974 iam
1450 1939 1668 1974 somnus
1709 1921 1908 1975 amaris

332 2072 431 2112 325.
469 2068 537 2111 ‘et
562 2093 616 2099 —
642 2067 882 2124 Mycenas’
918 2066 1191 2111 Priscian.
1219 2066 1283 2109 XI
1308 2071 1350 2121 9,
1382 2071 1438 2110 39
1462 2080 1507 2122 p.
1536 2069 1622 2110 574
1645 2066 1701 2110 H.
1729 2065 1906 2110 schol.

214 2128 420 2171 Lucan.
445 2126 533 2170 VII
565 2131 650 2171 451
677 2142 721 2183 p.
750 2132 835 2171 554
858 2126 931 2171 W.
959 2128 1142 2171 Acron
1167 2125 1227 2169 ad
1252 2125 1412 2168 Horat.
1439 2138 1578 2168 carm.
1603 2123 1625 2166 I
1651 2129 1720 2179 16,
1755 2129 1822 2169 17.
1849 2150 1905 2157 -

214 2191 311 2230 338.
350 2185 566 2230 ‘rorifera
590 2212 644 2218 —-
669 2185 801 2242 biga’
839 2186 987 2231 Serv.
1030 2185 1091 2228 ad
1128 2184 1242 2228 Aen.
1283 2184 1325 2227 II
1365 2189 1449 2228 272
1485 2182 1540 2227 cf.
1573 2182 1634 2226 ad
1665 2183 1707 2228 V
1741 2188 1824 2228 ’121
1859 2185 1907 2227 et

211 2244 448 2301 Pompei
482 2258 647 2290 comm.
681 2247 765 2289 art.
799 2243 973 2288 Donati
1004 2243 1046 2287 V
1077 2259 1122 2301 p.
1159 2249 1256 2298 167,
1291 2248 1345 2286 22
1382 2243 1433 2286 K.

329 2426 415 2465 317
469 2378 690 2478 decedere
732 2425 754 2464 1
793 2421 1076 2466 descendere
1116 2437 1140 2464 r
1172 2419 1453 2464 descendere
1501 2419 1539 2463 δ
1561 2420 1577 2475 ΙΙ
1601 2422 1686 2463 319
1717 2417 1902 2463 laevam

208 2481 518 2526 Baehrensius
570 2488 576 2533 Ι
624 2494 709 2537 pro
747 2480 912 2525 flaude
975 2486 1010 2523 G
1048 2481 1158 2525 Beh.
1196 2479 1537 2535 Peerlkampius
1581 2480 1598 2535 ΙΙ
1646 2481 1733 2522 320
1787 2478 1898 2523 heu!

209 2540 436 2585 Barthius
468 2540 483 2595 ΙΙ
516 2545 600 2583 322
644 2539 827 2584 deiecto
859 2540 953 2583 iam
982 2545 1015 2582 P
1078 2538 1261 2583 deiecto
1294 2551 1343 2581 se
1374 2541 1463 2580 ΒΜ
1485 2539 1501 2593 ΙΙ
1525 2541 1611 2581 323
1641 2535 1902 2594 praesumit

206 2599 517 2644 Baehrensius
550 2600 565 2655 ΙΙ
599 2603 684 2643 326
725 2598 875 2655 erinys
914 2604 946 2641 P
982 2601 997 2655 ΙΙ
1028 2604 1114 2643 329
1155 2596 1363 2642 Pentheo
1405 2595 1631 2652 sanguine
1674 2595 1900 2640 Bao-thius

206 2658 269 2702 N.
310 2658 535 2702 Heinsius
564 2660 580 2713 ll
612 2663 698 2701 330
739 2657 952 2702 chiteron
989 2663 1022 2700 P
1053 2660 1068 2713 ΙΙ
1099 2662 1184 2701 331
1227 2656 1504 2713 lapsumque
1542 2659 1570 2698 b
1605 2654 1726 2700 Oozb.
1756 2658 1790 2696 L
1819 2667 1908 2707 sex(

210 2717 398 2762 Gruteri
469 2715 701 2773 lapsuque
740 2722 813 2770 Rp
857 2718 958 2762 edd.
999 2721 1098 2761 vett.
1141 2718 1156 2772 ΙΙ
1194 2720 1280 2759 332
1318 2714 1441 2758 Hinc
1471 2714 1614 2758 Actes
1653 2711 1899 2770 scopuloso

213 2775 362 2819 limite
381 2776 693 2820 Marklandus
717 2777 732 2832 ΙΙ
756 2781 840 2819 333
869 2774 1082 2819 schirone
1106 2778 1190 2817 ΡΗ
1212 2775 1228 2831 ΙΙ
1251 2779 1339 2818 334
1364 2773 1602 2829 ditemque
1620 2771 1901 2818 Schraderus

208 2834 490 2890 mollemque
549 2835 878 2879 Lachmannus
915 2837 930 2891 ΙΙ
970 2839 1055 2879 337
1104 2835 1152 2877 et
1197 2833 1294 2877 late
1340 2838 1373 2875 P
1407 2835 1414 2890 Ι
1449 2832 1673 2876 subvecta
1715 2830 1898 2873 PGlIc1

209 2893 422 2937 subiecta
460 2898 549 2936 ΒΜ
590 2895 722 2938 schol.
756 2896 771 2950 ΙΙ
803 2899 887 2937 339
930 2891 1100 2936 amaris
1132 2897 1154 2935 1
1181 2892 1550 2949 Lindenbroyius
1581 2888 1737 2934 auaris
1768 2889 1895 2935 codd.

2003 2249 2008 2260 -
1999 1994 2008 2235 Δ.-α,..-ι...4.,....-ιι....Δ
1999 1764 2008 1974 --.Α-Ἀκμᾼ-μ-
2001 1660 2008 1755 ....—..—.
2004 1630 2008 1646 -.
2002 1572 2008 1618 „22
2006 1547 2008 1549 .
2002 1525 2008 1527 .
2006 1499 2008 1501 .
2005 1335 2008 1363 A..
