2072 3216
244 144 353 197 174
821 145 868 190 Ρ.
902 144 1129 190 PAPINII
1161 145 1354 190 STATII

147 269 149 271 ’
240 265 534 336 Insurgens
574 265 774 318 umeris
813 265 1089 320 hominem
1131 284 1293 335 super
1329 266 1611 336 improbus
1651 267 1777 323 exit.

116 350 209 392 840
242 337 347 393 Sed
384 357 495 392 non
533 338 629 392 ille
668 339 819 409 rigor
855 340 1199 409 patriumque
1238 340 1297 393 in
1335 358 1558 410 corpore
1596 341 1782 396 robur:
1845 355 1931 397 815

240 413 544 467 Luxuriant
583 415 759 482 artus,
799 413 1072 482 effusaque
1113 413 1376 484 sanguine
1414 413 1540 469 laxo

240 486 486 541 Membra
524 489 740 556 natant3
779 487 919 541 unde
957 487 1093 541 haec
1133 488 1308 541 audax
1345 487 1542 542 fiducia
1578 491 1792 546 tantum

241 560 479 614 Oenidae
520 579 772 630 superare
810 580 1013 630 parem.
1090 561 1426 631 Quamquam
1464 562 1582 632 ipse
1620 561 1794 619 videri

239 634 510 705 ExiguuS,
550 635 737 706 gravia
777 654 899 689 ossa
938 639 1122 688 tamen
1159 636 1424 705 nodisque
1463 636 1656 690 lacerti

113 720 205 761 845
238 708 521 762 Difficiles.
582 707 896 779 Numquam
934 709 1078 762 hunc
1119 710 1358 762 animum
1392 713 1588 763 natura
1619 710 1817 765 minori
1847 723 1934 766 820

242 780 483 852 Corpore
521 801 620 836 nec
658 786 841 836 tantas
883 802 1015 837 ausa
1055 785 1138 835 est
1175 783 1447 837 includere
1486 784 1644 838 vires,

315 856 613 926 Postquam
654 858 771 911 oleo
812 858 1003 926 gavisa
1043 858 1204 926 cutis,
1252 858 1393 927 petit
1431 876 1634 928 aequor
1670 860 1898 929 uterque
1965 878 1974 883 “

240 929 512 984 Procursu
550 931 786 983 medium
826 935 987 1000 atque
1027 931 1225 985 hausta
1262 932 1495 985 vestitur
1532 932 1749 986 harena.

242 1004 382 1057 Tum
421 1004 667 1058 madidos
709 1008 858 1058 artus
900 1005 1110 1058 alterno
1151 1005 1372 1075 pulvere
1412 1005 1640 1075 siccant,

111 1090 205 1132 850
241 1075 503 1147 Collaque
544 1078 843 1132 demersere
883 1079 1081 1132 umeris
1123 1082 1178 1131 et
1217 1079 1469 1133 bracchia
1508 1080 1620 1133 late
1845 1093 1932 1135 825

239 1150 390 1205 Vara
428 1155 630 1224 tenent.
706 1152 823 1205 Iam
863 1156 992 1205 tunc
1032 1156 1153 1205 astu
1195 1152 1410 1206 deducit
1446 1153 1504 1206 in
1543 1171 1774 1224 aequum

239 1223 481 1279 Callidus
523 1229 578 1278 et
616 1226 821 1279 celsum
858 1230 1153 1295 procurvat
1191 1227 1429 1297 Agyllea
1467 1227 1700 1297 Tydeus,

239 1297 552 1352 Submissus
592 1303 747 1370 tergo
788 1303 842 1353 et
882 1301 1110 1369 genibus
1150 1301 1359 1354 vicinus
1398 1300 1649 1356 harenae,

237 1372 340 1426 Ille
382 1376 585 1442 autem,
624 1373 814 1443 Alpini
853 1374 1025 1427 veluti
1063 1374 1251 1444 regina
1291 1392 1575 1443 cupressus

115 1459 208 1502 855
240 1445 478 1500 Verticis
518 1447 736 1517 urgenti
775 1447 1038 1501 cervicem
1077 1448 1304 1501 inclinat
1342 1449 1400 1501 in
1440 1451 1647 1517 austm,
1843 1461 1930 1503 830

239 1519 350 1574 Vix
391 1538 507 1573 sese
547 1520 726 1575 radice
764 1524 979 1590 tenenS,
1016 1525 1298 1592 terraeque
1335 1523 1687 1592 propinquat,

238 1593 560 1647 Iamdudum
601 1595 870 1648 aetherias
912 1595 1097 1649 eadem
1137 1595 1378 1649 reditura
1417 1597 1516 1649 sub
1558 1614 1735 1650 auras:

238 1667 365 1722 Non
406 1686 558 1721 secus
598 1669 846 1738 ingentes
887 1672 1034 1722 artus
1074 1670 1378 1738 praecelsus
1418 1669 1684 1739 Agylleus

240 1740 445 1810 Sponte
468 1742 668 1812 premit
691 1761 1025 1812 parvumque
1050 1759 1272 1812 gemens
1297 1743 1603 1813 duplicatur
1626 1743 1684 1796 in
1698 1743 1930 1814 hostem,

105 1827 200 1871 860
236 1814 311 1867 Et
342 1815 452 1868 iam
486 1816 700 1869 alterna
731 1835 922 1869 manus
954 1816 1294 1886 frontemque
1327 1835 1650 1886 umerosque
1677 1817 1928 1888 latusque

235 1887 495 1959 Collaque
534 1892 862 1959 pectoraque
903 1893 958 1942 et
996 1890 1230 1944 vitantia
1269 1908 1424 1944 crura
1463 1891 1698 1945 lacessit.
1840 1904 1928 1946 836

231 1962 621 2032 Interdumque
662 1964 754 2017 diu
793 1964 1029 2032 pendent
1067 1983 1162 2033 per
1202 1968 1391 2017 mutua
1428 1964 1554 2017 fulti

232 2035 522 2106 Bracchia,
561 2056 703 2091 nunc
744 2038 893 2091 saevi
932 2038 1226 2107 digitorum
1266 2039 1483 2091 vincula
1521 2037 1799 2109 frangunt.

234 2108 361 2163 Non
401 2111 477 2163 sic
518 2110 765 2165 ductores
806 2112 1010 2180 gemini
1051 2111 1232 2180 gregis
1272 2111 1493 2164 horrida
1532 2113 1677 2164 tauri

108 2196 201 2239 865
233 2181 393 2235 Bella
433 2189 674 2252 movent3
716 2185 893 2236 medio
935 2186 1163 2237 coniunx
1203 2188 1311 2237 stat
1351 2184 1579 2237 candida
1616 2189 1775 2253 prato
1837 2197 1924 2239 840

229 2254 510 2309 Victorem
550 2262 837 2325 expectans
849 2298 862 2323 ,
902 2261 1163 2326 rumpunt
1203 2258 1403 2311 obnixa
1443 2258 1680 2311 furentes

230 2329 483 2396 Pectora,
526 2330 710 2382 subdit
750 2349 901 2400 amor
942 2331 1192 2384 stimulos
1234 2335 1288 2385 et
1326 2332 1551 2384 vulnera
1589 2336 1774 2386 sanat:

352 2493 438 2533 820
464 2503 528 2544 sq.
576 2490 851 2545 ‘numquam
883 2516 938 2522 —
971 2490 1112 2535 vires’
1148 2490 1318 2535 Prisc.
1353 2490 1439 2535 VII
1475 2496 1543 2546 13,
1578 2496 1633 2536 69
1665 2506 1709 2549 p.
1744 2496 1829 2537 347
1861 2491 1919 2536 H.

352 2626 438 2667 815
478 2620 614 2678 vigor
653 2636 788 2666 anon.
822 2623 1028 2668 Heidezb.
1061 2625 1076 2680 ΙΙ
1107 2627 1192 2668 817
1226 2622 1350 2667 unde
1381 2628 1508 2667 Pola:
1539 2623 1648 2668 inde
1678 2627 1769 2667 Bu
1828 2628 1916 2669 826

230 2680 358 2725 Vara
387 2685 452 2724 Po
491 2681 621 2738 Lips.
653 2684 686 2723 Β
722 2686 775 2738 (‘?)
814 2683 945 2727 schol.
989 2682 1126 2726 Clara
1156 2698 1179 2724 r
1210 2681 1360 2726 Vasta
1390 2683 1502 2727 Belo.
1535 2687 1561 2727 1
1595 2686 1756 2726 (nub
1838 2697 1915 2727 an.

232 2739 386 2784 Curua
407 2740 517 2785 Beh.
543 2743 576 2785 2
603 2754 640 2784 π
665 2741 680 2796 ΙΙ
704 2745 790 2784 830
821 2741 1042 2797 urguenti
1065 2746 1097 2783 P
1121 2743 1341 2797 urgentes
1367 2743 1501 2787 ceteri
1527 2745 1532 2792 Ι
1562 2743 1744 2786 austros
1777 2742 1918 2798 codd„

231 2812 345 2843 corr.
370 2799 679 2844 Baehsrensius
701 2801 716 2855 ΙΙ
741 2803 828 2843 834
859 2800 994 2844 hoste
1018 2805 1050 2843 P
1073 2802 1088 2857 ΙΙ
1113 2804 1198 2844 835
1233 2800 1295 2844 Et
1326 2815 1408 2846 om.
1435 2805 1510 2843 PG
1533 2803 1548 2857 ΙΙ
1572 2805 1657 2845 836
1688 2798 1921 2844 nictantia

230 2857 393 2903 Burm.
426 2858 517 2903 Sec.
545 2859 668 2915 11842
700 2857 894 2902 vulnera
926 2859 1093 2903 suadet
1123 2860 1181 2904 F.
1219 2860 1309 2904 Leo
