2008 3198
271 180 344 232 46
864 181 914 226 Ρ.
945 180 1179 226 PAPINll
1211 180 1421 227 STATII

271 301 511 357 Ultores:
554 302 672 371 quis
714 302 859 354 enim
897 302 1123 355 inlicitis
1164 302 1404 372 genialia
1441 302 1625 371 rumpi

181 382 245 415 355
271 376 442 430 Pacta
481 376 620 429 dolis
659 375 916 445 facilique
954 375 1102 429 trahi
1141 376 1372 428 conubia
1409 378 1572 444 raptu
1966 418 1978 431 .

271 448 382 503 Oeu
420 468 581 519 pecus
623 453 993 503 armentumve
1033 451 1128 502 aut
1165 449 1300 503 viles
1341 450 1535 503 messis
1576 467 1798 504 acervos
1915 464 1972 505 ⁷0

268 524 549 577 Perferat‘?
588 524 723 576 haec
763 524 929 576 etiam
967 523 1136 576 fortes
1174 523 1383 576 iactura
1421 527 1674 578 moveret.

268 598 395 652 Non
432 598 561 650 tulit
597 597 822 650 insidias
862 598 1045 651 divum
1084 596 1408 667 imperiosus
1448 598 1681 668 Agenor,

271 671 621 741 Mugitusque
661 689 842 724 sacros
883 674 938 724 et
975 688 1173 740 magno
1212 670 1433 724 numine
1471 674 1682 725 vectam

180 743 248 785 3'60
273 746 519 808 Quaesiit
556 746 814 814 Europen
853 750 1281 814 aspernatusque
1321 744 1628 799 Tonantem
1667 748 1752 798 est

269 819 348 872 Ut
372 837 646 890 generum.
707 820 956 888 Raptam,
985 823 1039 872 et
1065 817 1321 888 Scythico
1364 819 1428 872 de
1467 819 1628 872 litore
1666 819 1875 888 prolem
1916 831 1971 872 75

267 892 395 947 Non
435 894 565 946 tulit
603 893 825 962 AeeteS‚
863 893 1113 962 ferroque
1154 896 1209 945 et
1247 893 1418 946 classe
1459 895 1674 947 secutus

270 965 549 1020 Semideos
590 984 744 1036 reges
786 970 841 1019 et
878 967 1080 1020 ituram
1119 967 1176 1019 in
1217 967 1394 1020 sidera
1432 967 1672 1036 puppim.

265 1040 382 1095 Nos
421 1040 641 1110 Phryga
679 1041 994 1094 semivirum
1031 1043 1220 1109 portus
1261 1044 1315 1093 et
1352 1041 1515 1094 litora
1553 1040 1754 1094 circum

178 1121 244 1154 3⁶5
272 1114 531 1185 Argolica
568 1116 776 1167 incesta
813 1115 1135 1168 volitantem
1174 1133 1353 1183 puppe
1391 1114 1664 1168 feremus?

269 1188 456 1258 Usque
476 1189 608 1241 adeo
625 1207 893 1257 nusquam
920 1207 1072 1240 arma
1097 1191 1152 1240 et
1176 1189 1314 1257 equi,
1338 1188 1584 1258 fretaque
1607 1187 1756 1242 invia
1774 1186 1970 1241 Grais?

271 1261 412 1324 Quid
452 1263 499 1314 si
536 1281 677 1315 nunc
718 1262 912 1330 aliquis
952 1261 1145 1331 patriis
1185 1265 1438 1330 rapturus
1482 1263 1550 1315 ab
1591 1262 1700 1315 oris
1913 1275 1968 1316 81

269 1336 594 1388 Deidamian
633 1338 721 1388 eat
757 1335 1025 1405 viduaque
1066 1354 1094 1388 e
1134 1335 1258 1388 sede
1299 1337 1524 1390 revellat

269 1409 580 1463 Attonitam
621 1412 675 1462 et
714 1410 901 1479 magni
940 1410 1266 1463 clamantem
1304 1428 1504 1463 nomen
1542 1407 1831 1463 Achillis?

177 1488 246 1523 370
269 1483 425 1537 Illius
466 1483 533 1537 ad
574 1484 826 1552 capulum
863 1484 1025 1536 rediit
1062 1502 1251 1537 manus
1293 1502 1355 1537 ac
1394 1483 1557 1537 simul
1594 1482 1785 1553 ingens

266 1557 494 1626 Impulit
534 1576 635 1610 ora
672 1558 858 1610 rubor:
898 1558 1068 1610 tacuit
1109 1561 1392 1610 contentus
1432 1557 1636 1611 Ulixes,
1904 1567 1962 1609 85

415 1630 636 1700 Excipit
675 1630 926 1684 Oenides,
967 1630 1149 1699 Quin,
1189 1650 1220 1684 o
1261 1631 1586 1700 dignissima
1626 1619 1760 1683 caeli

266 1705 586 1775 Progenies,
625 1705 867 1773 ritusque
906 1708 1029 1757 tuos
1072 1705 1441 1774 elementaque
1481 1704 1690 1773 primae

265 1778 475 1831 Indolis
517 1781 593 1844 et,
631 1778 812 1831 valida
850 1796 976 1831 mox
1016 1778 1298 1831 accedente
1337 1779 1582 1847 iuventa,

180 1857 246 1891 375
270 1851 420 1914 Quae
461 1852 659 1905 solitus
698 1851 919 1904 laudum
957 1852 1060 1904 tibi
1099 1852 1306 1904 semina
1344 1851 1581 1921 pandere
1621 1848 1847 1920 Chiron,

265 1925 610 2010 Virtutisque
645 1925 840 1995 adituS‚
857 1944 1011 2010 quas
1044 1926 1289 1979 membra
1328 1943 1525 1996 augere
1564 1942 1661 1994 per
1700 1927 1865 1990 arte8‚
1907 1938 1966 1979 90

269 1999 416 2062 Quas
458 2000 720 2063 animum,
760 1999 919 2052 sociis
959 2000 1295 2069 multumque
1334 1999 1642 2052 faventibus
1682 1998 1802 2051 ede·

269 2072 351 2126 Sit
390 2074 627 2143 pretium
667 2073 859 2157 longas
899 2074 1116 2142 penitus
1157 2074 1432 2142 quaesisse
1472 2090 1568 2141 per
1605 2071 1777 2124 undas

270 2145 479 2269 Scyron
519 2150 573 2199 et
611 2147 695 2199 his
734 2147 969 2215 primum
1006 2165 1253 2217 parmam
1292 2146 1591 2199 ostendisse
1629 2142 1883 2198 lacertis?

386 2326 441 2365 70
472 2321 577 2365 vilis
609 2326 641 2363 P
669 2323 674 2377 Ι
702 2322 836 2366 farris
870 2335 1060 2367 acervos
1093 2321 1378 2366 Schraderus
1406 2322 1422 2377 ΙΙ
1458 2324 1510 2365 71
1546 2320 1663 2364 haec
1695 2319 1839 2364 etiam
1869 2322 1961 2362 ΔΙ

264 2380 380 2423 haec
413 2381 461 2423 et
483 2394 577 2424 non
600 2381 730 2425 Laid.
756 2381 772 2437 ΙΙ
798 2384 851 2424 75
877 2380 937 2424 Vi
969 2394 1191 2437 generum
1224 2380 1486 2424 Gronovius
1515 2378 1746 2446 Barthius
1772 2379 1779 2434 1
1806 2378 1961 2436 Rapta

265 2437 483 2494 Scythico
508 2443 540 2481 P
567 2442 574 2494 Ι
604 2445 657 2484 77
683 2440 808 2484 itura.
831 2439 933 2482 PG2
955 2395 1000 2496 ng
995 2444 1049 2484 79
1082 2438 1328 2496 Argolicae
1354 2443 1387 2480 P
1409 2439 1424 2494 ΙΙ
1448 2442 1502 2483 81
1539 2438 1599 2482 ab
1638 2436 1731 2482 aris
1764 2437 1959 2482 coniece-

263 2501 376 2541 runt
400 2497 624 2541 Heinsius
649 2502 689 2541 et
710 2499 1015 2543 Burmannus
1037 2499 1053 2555 ΙΙ
1077 2502 1132 2541 86
1165 2497 1362 2554 Excepit
1384 2501 1417 2539 P
1439 2498 1455 2554 ΙΙ
1480 2500 1536 2541 88
1570 2495 1711 2541 Idolis
1734 2495 1962 2599 Phaccen-

264 2556 402 2601 dente
434 2560 467 2598 P
497 2557 513 2612 ΙΙ
545 2561 599 2600 91
634 2556 732 2601 edis
764 2559 833 2614 Pl
836 2558 932 2614 193
964 2557 1036 2600 his
1067 2556 1270 2614 primum
1310 2570 1442 2600 arma
1490 2554 1746 2600 ostendisse
1795 2553 1963 2599 acertis

263 2620 297 2657 P
335 2614 407 2660 his
437 2614 592 2671 primu
623 2558 995 2718 armlsflltelndisse
1026 2615 1213 2660 lacertis
1245 2614 1303 2657 (32
1333 2615 1405 2659 his
1435 2615 1642 2672 primum
1673 2613 1962 2680 armllosten-

264 2674 386 2719 disse
420 2674 608 2719 lacertis
639 2679 697 2716 Pe
781 2690 820 2718 1s
844 2690 1047 2731 primum
1079 2674 1218 2718 armis
1248 2673 1451 2718 tendisse
1484 2674 1684 2719 lacertos
1716 2671 1848 2717 Leid.
1886 2670 1961 2716 his

263 2746 392 2777 arma
421 2732 626 2790 primum
658 2732 914 2801 ostendisse
937 2734 1136 2778 lacertos
1161 2736 1196 2775 G
1227 2732 1318 2776 hiis
1351 2733 1495 2777 armis
1524 2732 1727 2799 primum
1750 2729 1958 2775 tendisse

262 2792 464 2836 lacertos
494 2797 530 2834 D
562 2791 635 2836 his
667 2790 808 2836 armis
838 2792 1039 2848 primum
1069 2791 1324 2836 intendisse
1355 2792 1555 2837 lacertos
1579 2795 1625 2834 n
1654 2789 1728 2835 his
1753 2788 1955 2857 primum

263 2864 477 2907 parmam
511 2850 768 2896 ostendisse
799 2851 988 2895 lacertis
1013 2864 1126 2896 corr.
1143 2850 1454 2895 Baehrensius
1479 2851 1565 2895 hos
1591 2847 1731 2894 armis
1755 2847 1960 2906 primum

270 2909 464 2954 vestisse
506 2910 706 2955 lacertos
738 2911 927 2954 coniecit
959 2909 1219 2954 Gronovius
