2028 3190
694 188 1037 235 THEBAIDOS
1067 189 1179 234 LIB.
1211 188 1309 236 ΧΠ.
1379 220 1384 225 -
1736 189 1846 242 345

154 310 512 380 Prospectum
550 311 787 364 lustrans
828 314 1038 364 armata
1075 310 1328 381 indagine
1366 310 1539 363 miles.

154 385 290 438 Illos
329 386 597 438 instantes
637 385 817 438 senior
854 386 1013 438 timet
1052 404 1213 451 unus3
1256 389 1314 437 at
1350 386 1502 454 ipsae

156 460 299 513 Ante
338 477 534 529 rogum
574 459 827 528 saevique
867 459 1051 529 palam
1092 459 1359 529 sprevisse
1400 457 1652 530 Creontis

154 531 392 602 Imperia
431 537 486 585 et
522 534 729 586 furtum
770 534 915 585 claro
954 533 1214 603 plangore
1254 533 1498 585 fatentur

158 604 408 671 Securae,
450 607 647 677 quippe
687 625 843 659 omne
881 607 1067 667 vident
1103 606 1322 659 fluxisse
1362 606 1605 659 cadaver.
1759 619 1846 659 455

156 681 414 733 Ambitur
452 699 612 733 saeva
650 681 715 733 de
754 685 930 734 morte
971 681 1321 749 animosaque
1360 680 1460 732 leti

156 752 290 823 Spes
330 754 484 807 furit:
523 754 656 807 haec
693 754 882 807 fratris
921 755 1190 823 rapuisse,
1237 754 1371 807 haec
1411 754 1654 823 coniugis
1696 757 1846 806 artus

157 826 502 881 Contendunt
524 829 840 897 vicibusque
864 829 1113 897 probant.
1156 827 1301 898 ‘Ego
1321 846 1535 897 corpuS,
1560 845 1661 898 ego
1679 828 1848 898 igneS,

154 901 243 955 Me
282 903 480 971 pietas,
518 921 604 955 me
645 903 796 955 duxit
836 921 989 955 amor
1004 902 1037 955 ε’
1077 903 1366 972 deposcere
1407 921 1569 954 saeva

158 973 433 1045 Supplicia
472 979 526 1028 et
565 976 781 1029 dextras
820 977 971 1029 iuvat
1009 977 1271 1029 insertare
1313 977 1535 1029 catenis·
1760 989 1848 1029 460

156 1047 441 1119 Nusquam
480 1049 580 1103 illa
619 1050 844 1103 alternis
884 1050 1044 1103 modo
1084 1068 1218 1119 quae
1257 1051 1560 1103 reverentia
1599 1050 1802 1119 verbis,

154 1122 303 1176 Iram
343 1124 632 1193 odiumque
670 1127 853 1193 putes,
893 1127 1078 1177 tantus
1119 1125 1394 1177 discordat
1432 1125 1706 1192 utrimque

157 1195 394 1267 Clamor,
434 1202 489 1250 et
529 1198 597 1250 ad
635 1216 842 1268 regem,
883 1198 975 1266 qui
1013 1198 1360 1267 deprendere,
1398 1197 1707 1250 trahuntur.

230 1270 308 1324 At
344 1273 534 1340 procul
571 1271 792 1325 Actaeis
832 1271 1020 1324 dextra
1057 1273 1169 1324 iam
1206 1272 1431 1324 Pallade
1470 1272 1638 1324 muris

156 1343 294 1397 Iuno
336 1342 646 1398 Phoroneas
685 1346 890 1398 inducit
928 1347 1150 1414 praevia
1189 1350 1391 1398 matres
1761 1358 1848 1398 465

158 1419 464 1487 Attonitas,
502 1437 612 1471 non
650 1419 770 1487 ipsa
808 1419 1007 1488 minuS,
1049 1423 1366 1488 coetumque
1407 1422 1715 1488 gementem

159 1490 430 1545 Conciliat
467 1493 684 1561 populis
726 1496 780 1545 et
819 1492 1070 1546 flentibus
1112 1493 1262 1545 addit
1301 1493 1580 1546 honorem.

156 1565 287 1635 Ipsa
325 1584 488 1618 manu
525 1585 812 1636 ramosque
852 1567 1000 1620 oleae
1039 1567 1308 1636 vittasque
1348 1570 1628 1636 precantes

159 1639 370 1708 Tradit,
411 1644 464 1692 et
503 1641 730 1693 obtenta
769 1641 1088 1693 submittere
1126 1642 1330 1693 lumina
1369 1641 1517 1710 palla

157 1712 233 1768 Et
269 1713 540 1782 praeferre
581 1714 737 1768 docet
774 1733 971 1768 vacuas
1013 1715 1126 1767 sine
1166 1715 1416 1767 manibus
1456 1733 1635 1768 urnas
1761 1727 1849 1766 470

159 1786 708 1841 OmnisErechtheis
750 1789 918 1841 effusa
955 1790 1244 1856 penatibus
1285 1794 1433 1842 aetas

159 1860 326 1914 Tecta
363 1862 586 1930 viasque
625 1863 860 1932 replent:
900 1862 1038 1914 unde
1077 1862 1181 1916 hoc
1220 1862 1478 1915 examen?
1519 1866 1572 1914 et
1610 1880 1720 1914 una

161 1934 270 1987 Tot
310 1935 574 1988 miserae?
613 1936 842 1988 necdum
881 1954 1070 1990 causas
1108 1954 1307 1989 novere
1346 1936 1637 2004 malorum,

158 2007 383 2077 Iamque
416 2013 660 2077 gemunt.
735 2009 854 2062 Dea
893 2009 1133 2063 conciliis
1175 2028 1231 2062 se
1271 2010 1463 2063 miscet
1500 2009 1744 2077 utrisque

160 2080 367 2135 Cuncta
384 2082 597 2148 docenS,
624 2101 730 2151 qua
748 2088 911 2151 gente
929 2086 1095 2151 satae,
1114 2101 1249 2152 quae
1267 2084 1456 2136 funera
1474 2083 1738 2152 plangant
1761 2095 1848 2135 475

161 2154 366 2218 Quidve
404 2159 614 2225 petant3
653 2157 817 2210 variis
857 2174 955 2210 nec
993 2175 1105 2210 non
1146 2157 1419 2210 adfatibus
1458 2157 1608 2225 ipsae

160 2228 406 2299 Ogygias
447 2230 596 2299 leges
634 2231 1141 2299 inmansuetumque
1183 2229 1419 2284 Creonta

161 2301 395 2356 Multum
421 2307 476 2355 et
500 2305 697 2373 ubique
721 2305 974 2359 fremunt.
1013 2304 1235 2357 Geticae
1252 2324 1362 2358 non
1378 2305 1535 2373 plura
1553 2306 1850 2374 queruntur

281 2496 366 2535 472
394 2504 459 2546 sq.
496 2491 646 2535 ‘unde
678 2517 732 2523 —
767 2491 992 2536 miserae’
1030 2492 1175 2537 Serv.
1210 2492 1271 2536 ad
1302 2492 1418 2537 Aen.
1451 2492 1494 2536 ΙΙ
1527 2497 1624 2538 798.

282 2671 369 2710 454
401 2666 621 2722 clangore
647 2670 680 2709 P
703 2668 718 2723 ΙΙ
742 2672 827 2711 456
859 2667 1130 2725 Ambigitur
1152 2674 1197 2712 M
1221 2670 1318 2714 edd.
1344 2670 1359 2725 ΙΙ
1382 2674 1469 2713 463
1502 2666 1848 2724 deprehendere

161 2729 332 2769 PBGH
358 2727 365 2781 Ι
392 2725 646 2768 trahebant
676 2727 774 2771 edd.
798 2732 898 2771 vett.
925 2730 940 2783 ΙΙ
963 2732 1048 2772 465
1080 2727 1261 2784 premia
1293 2731 1361 2773 vel
1389 2726 1556 2784 pronia
1582 2729 1634 2782 (5³)
1667 2730 1699 2767 P
1723 2727 1738 2780 ΙΙ
1762 2730 1847 2769 467

161 2783 350 2829 fletibus
381 2789 414 2827 P
437 2787 452 2842 ΙΙ
475 2789 562 2828 469
593 2783 768 2828 lumine
792 2789 824 2827 P
848 2788 862 2843 ΙΙ
886 2791 971 2830 471
1005 2785 1225 2832 erictheis
1249 2792 1281 2829 P
1312 2784 1560 2831 erichtaeis
1586 2785 1767 2841 Anylic.
1802 2786 1850 2827 et

165 2845 310 2887 acteis
341 2845 534 2886 Bff‘SM
573 2844 622 2886 et
651 2843 840 2887 Actaeis
873 2846 970 2890 edd.
1002 2844 1280 2890 Erechtheis
1313 2860 1429 2892 corr.
1463 2844 1685 2888 Heinsius
1715 2844 1731 2899 ΙΙ
1760 2848 1846 2887 472

164 2903 347 2947 examin
378 2907 410 2945 P
438 2917 510 2959 pr.
543 2918 599 2946 m.
625 2904 750 2959 11474
783 2902 848 2946 sic
880 2903 1046 2948 miscet
1076 2909 1108 2947 P
