2008 3198
187 160 260 213 74
768 159 818 206 P.
849 158 1080 204 PAPINII
1111 157 1303 204 STATH

257 282 414 336 Mons
456 284 572 335 erat
611 281 801 334 audaci
839 281 1088 334 seductus
1128 280 1185 334 in
1225 279 1446 333 aethera
1483 279 1642 333 dorso
1786 291 1877 341 460

186 355 444 426 (Nomine
484 354 711 408 Lernaei
749 358 1056 408 memorant
1095 353 1374 423 Apesanta
1413 350 1630 424 coloni),

185 430 450 484 Gentibus
490 428 762 499 Argolicis
803 429 933 482 olim
974 447 1147 497 sacer3
1187 427 1309 480 inde
1348 426 1596 480 ferebant

183 504 391 558 Nubila
430 521 690 572 suspenso
732 503 960 556 celerem
999 505 1293 555 temerasse
1333 501 1521 554 volatu

184 579 409 647 Persea,
449 596 569 630 cum
609 580 797 645 raptos
836 577 991 646 pueri
1028 576 1319 645 perterrita
1361 577 1536 628 mater

183 652 473 721 Prospexit
510 651 575 704 de
615 670 746 720 rupe
785 651 982 721 gradus
1024 668 1086 703 ac
1123 668 1295 719 paene
1335 652 1520 702 secuta
1560 649 1656 701 est.
1790 659 1880 702 465

185 726 308 779 Huc
347 726 550 796 gemini
589 728 740 778 vates
782 727 1024 778 sanctam
1064 723 1307 777 canentis
1349 723 1524 776 olivae

184 799 397 853 Fronde
438 818 648 853 comam
689 802 743 851 et
780 799 958 851 niveis·
992 798 1172 850 ornati
1209 801 1456 866 tempora
1493 795 1646 849 vittis

184 874 439 928 Evadunt
476 874 700 943 pariter,
739 873 983 925 madidos
1023 872 1118 925 ubi
1154 871 1363 924 lucidus
1405 887 1564 940 agros

187 947 353 1001 Ortus
395 951 449 1001 et
491 948 736 1018 algentes
777 947 982 999 laxavit
1022 947 1134 999 sole
1172 946 1411 1015 pruinas.

186 1022 267 1075 Ac
306 1022 454 1092 prior
493 1021 734 1074 Oeclides
777 1021 938 1074 solita
976 1038 1134 1090 prece
1171 1037 1372 1072 numen
1412 1018 1628 1071 amicat:
1788 1029 1879 1079 470

186 1095 450 1165 ‘Iuppiter
490 1095 832 1163 omnipotens
875 1092 1023 1164 (nam
1063 1096 1119 1147 te
1158 1093 1463 1162 pernicibus
1508 1092 1611 1144 alis

187 1169 398 1223 Addere
440 1169 723 1222 consilium
763 1169 1113 1237 volucresque
1153 1167 1381 1235 implere
1419 1166 1588 1218 futuri

190 1242 492 1312 Ominaque
533 1246 587 1296 et
627 1261 816 1295 causas
858 1242 1005 1295 caelo
1047 1241 1251 1294 deferre
1289 1241 1521 1293 latentes

186 1315 537 1388 Accipimus),
576 1334 686 1369 non
726 1314 920 1368 Cirrha
958 1316 1118 1368 deum
1157 1314 1467 1383 promiserit
1506 1315 1661 1366 antro

189 1390 424 1459 CertiuS,
465 1394 558 1444 aut
596 1390 812 1443 frondes
852 1390 987 1442 lucis
1029 1407 1160 1458 quas
1200 1388 1346 1440 fama
1384 1387 1637 1440 Molossis
1792 1398 1880 1439 475

191 1463 465 1518 Chaonias
508 1464 754 1517 sonuisse
794 1463 919 1532 tibi,
958 1464 1085 1516 licet
1125 1461 1305 1515 aridus
1337 1460 1612 1514 Hammon

186 1539 435 1592 Invideat
473 1538 770 1608 Lyciaeque
811 1541 1005 1606 parent
1044 1535 1366 1590 contendere
1407 1538 1580 1588 sortes

186 1611 565 1682 Niliacumque
605 1631 768 1681 pecus
807 1612 1093 1680 patrioque
1136 1613 1395 1678 aequatus
1435 1607 1628 1662 honori

188 1687 496 1755 Branchus,
536 1690 590 1738 et
629 1686 867 1739 undosae
909 1703 1067 1753 quem
1107 1685 1342 1736 rusticus
1383 1683 1566 1735 accola
1604 1680 1760 1734 Pisae

187 1760 340 1813 Pana
378 1759 650 1828 Lycaonia
686 1762 1012 1812 nocturnum
1053 1758 1270 1812 exaudit
1308 1757 1366 1809 in
1403 1756 1614 1808 umbra:
1793 1767 1883 1808 480

189 1833 371 1887 Ditior
410 1835 504 1887 ille
545 1834 735 1902 animi,
775 1833 858 1886 cui
897 1837 980 1901 tu,
1019 1831 1268 1900 Dictaee,
1309 1829 1568 1883 secundas

188 1908 476 1977 Impuleris
517 1908 833 1960 manifestus
875 1925 1013 1959 aves,
1090 1905 1291 1958 Mirum
1330 1904 1493 1972 unde,
1533 1902 1626 1956 sed
1667 1902 1798 1957 olim

190 1982 296 2035 Hic
334 1982 510 2035 honor
550 1982 795 2050 alitibus,
836 1998 1059 2049 superae
1101 1998 1193 2032 seu
1234 1978 1479 2032 conditur
1518 1977 1672 2030 aulae

191 2055 278 2109 Sic
317 2056 463 2109 dedit
503 2055 728 2109 effusum
769 2055 932 2108 chaos
973 2054 1029 2106 in
1068 2072 1211 2106 nova
1250 2053 1457 2106 semina
1495 2054 1704 2120 texens,

310 2236 409 2275 471.
447 2230 675 2287 ‘Iuppiter
707 2257 761 2262 -
797 2229 904 2273 alis’
940 2228 1218 2285 Mythogr.
1252 2227 1316 2270 III
1351 2231 1419 2280 11,
1455 2230 1510 2270 14
1540 2241 1584 2282 p.
1619 2230 1704 2270 237
1736 2224 1788 2269 B.
1824 2250 1883 2258 —-

191 2293 277 2334 478
297 2304 360 2345 sq.
391 2289 648 2346 ‘patrisque
667 2316 722 2321 ——
741 2288 1000 2333 Branchus’
1030 2287 1204 2331 schol.
1232 2286 1376 2331 Theb.
1404 2285 1511 2329 VIII
1539 2289 1622 2330 198
1646 2299 1691 2341 p.
1719 2288 1804 2329 282
1829 2282 1881 2328 L.

311 2473 397 2512 460
438 2467 694 2510 subductus
734 2467 960 2512 Heinsius
990 2468 1004 2523 ΙΙ
1035 2469 1118 2509 461
1155 2463 1414 2520 aphesanta
1444 2466 1518 2505 PB
1553 2461 1817 2519 aphasanta
1846 2464 1885 2504 G

194 2525 447 2585 aphisanta
485 2531 526 2568 H
566 2525 806 2581 Apesanta
844 2540 945 2570 cum
986 2524 1211 2568 Muellero
1249 2523 1413 2579 scripsi
1451 2523 1546 2566 coll.
1592 2521 1719 2565 Ptin.
1759 2535 1805 2564 u.
1837 2520 1882 2565 h.

193 2587 280 2630 IV
308 2591 366 2632 17
403 2585 542 2629 Paus.
578 2585 644 2627 II
675 2589 745 2639 15,
780 2587 808 2627 3
843 2583 1168 2628 Pseudo-Plut.
1203 2582 1256 2626 de
1286 2583 1391 2637 fluv.
1425 2584 1507 2635 18,
1539 2586 1567 2625 9
1591 2582 1607 2636 ΙΙ
1631 2583 1716 2624 466
1748 2577 1884 2623 Hunc

191 2651 266 2689 PT
305 2645 406 2689 Hoc
438 2649 463 2686 S
495 2645 510 2700 ΙΙ
540 2648 624 2687 473
667 2643 927 2699 Omniaque
967 2647 1039 2685 PT
1076 2644 1081 2695 Ι
1117 2654 1250 2685 casus
1288 2640 1596 2685 Baehrensius
1626 2639 1641 2695 ΙΙ
1672 2642 1759 2683 474
1796 2649 1884 2681 nec

195 2706 450 2750 Muellerus
481 2704 744 2759 parenthesi
781 2716 919 2758 usque
958 2703 1019 2746 ad
1057 2699 1147 2744 tibi
1195 2702 1254 2755 (v.
1289 2701 1394 2755 476)
1439 2700 1709 2744 continuata
1745 2698 1762 2752 ΙΙ
1795 2700 1884 2740 476

195 2762 402 2808 Chaonio
426 2768 458 2806 P
482 2763 497 2819 ΙΙ
521 2765 605 2807 478
632 2760 840 2816 aequalis
866 2762 992 2806 codd.
1019 2761 1246 2815 aequatus
1270 2759 1403 2802 schol.
1434 2758 1566 2802 Theb.
1603 2755 1743 2800 VIII
1762 2759 1854 2800 198
1869 2754 1886 2813 ΙΙ

193 2827 279 2867 479
322 2822 401 2878 qui
441 2822 565 2867 eodd=
610 2834 748 2876 quem
787 2834 899 2864 corr.
945 2819 1197 2863 Muellerus
1235 2819 1249 2874 ΙΙ
1289 2821 1375 2861 480
1415 2814 1656 2872 lycaoniae
1700 2818 1733 2856 P
1756 2816 1771 2872 ss
1795 2818 1883 2858 481

195 2880 374 2925 Certior
408 2882 732 2925 Lachmannus
756 2881 769 2936 ΙΙ
795 2883 880 2923 484
914 2877 1112 2922 offusum
1143 2881 1175 2919 P

1802 0 1824 17 A}
1830 12 1838 15 i
1843 0 1859 18 νὴ
1865 0 1879 12 ³

1792 17 1894 52 *⁶³53ss

1992 2887 1993 2890 ⁴
1994 2862 1995 2865 ⁴
1988 2739 2008 2846 ‘'fids-..m-
1995 2610 2008 2728 samur-
1996 2558 2008 2599 nn.
1999 2525 2008 2546 4.
2005 2506 2008 2510 .
