2008 3198
199 164 305 218 126
773 164 822 208 Ρ.
855 161 1086 209 PAPINII
1117 162 1310 208 STATII

199 286 329 349 Quis
363 285 536 353 dolor,
569 283 708 337 unde
738 283 925 338 animi:
966 283 1088 337 “vis
1118 283 1270 336 nulla
1301 301 1479 337 arcere
1510 283 1771 356 furentes3
1805 295 1895 354 245

195 359 316 413 Hac
342 376 582 428 sequere,
607 376 638 411 o
664 357 990 426 miserande3
1013 359 1269 428 premunt
1292 356 1622 428 aderuntque
1642 357 1897 428 moranti,

194 434 270 486 Et
308 450 520 486 mecum
558 431 789 484 fortasse
829 429 1041 485 cades,''
1104 430 1205 483 His
1245 434 1425 485 motus
1465 434 1522 485 et
1559 434 1709 486 artus

197 506 387 561 Erexit
427 505 630 559 stratis.
707 504 952 558 Ferimur
989 522 1085 574 per
1126 504 1280 558 devia
1318 507 1505 558 vastae

195 580 360 634 Urbis
402 582 456 633 et
493 580 771 650 ingentem
808 581 1106 633 nocturnae
1145 578 1323 632 caedis
1364 596 1615 633 acervum

194 654 431 723 Passim,
469 656 532 706 ut
571 671 812 723 quosque
853 653 1020 706 sacris
1062 652 1292 706 crudelis
1332 670 1558 722 vespera
1595 651 1747 707 lucis
1802 663 1891 706 250

196 727 501 797 Straverat‚
542 727 756 781 occulta
796 726 1139 796 speculamur
1177 727 1321 781 nube
1359 727 1608 780 latentes.

196 802 301 856 Hic
340 803 608 871 impressa
646 801 784 854 toris
825 819 921 854 ora
960 803 1314 871 extantesque
1352 801 1575 854 reclusis

160 871 512 929 'Pectoribus
553 875 771 944 capulos
812 891 1136 943 magnarum
1176 876 1230 926 et
1268 874 1542 944 fragmina
1579 876 1774 927 trunca

194 949 494 1003 Hastarum
535 951 590 1002 et
627 947 771 1001 ferro
810 949 1018 1001 laceras
1057 966 1154 1018 per
1193 965 1421 1017 corpora
1458 949 1662 1018 vestes,
1923 999 1943 1014 ,

197 1021 452 1076 Crateras
491 1041 693 1092 pronos
734 1023 1025 1091 epulasque
1064 1023 1121 1074 in
1161 1022 1321 1075 caede
1359 1023 1613 1075 natantes
1806 1030 1894 1075 255

197 1094 430 1150 Cernere
469 1099 609 1165 erat,
648 1096 957 1166 iugulisque
996 1095 1157 1149 modo
1197 1096 1456 1150 torrentis
1497 1095 1700 1164 apertis

198 1169 470 1241 Sanguine
510 1170 778 1239 permixto
818 1170 1132 1222 redeuntem
1171 1170 1229 1222 in
1265 1170 1463 1238 pocula
1500 1167 1792 1222 Bacchum.

195 1244 302 1298 Hic
339 1245 595 1298 iuvenum
633 1261 826 1296 manus
868 1246 922 1296 et
959 1243 1125 1296 nullis
1165 1243 1442 1297 violabilis
1482 1243 1646 1295 armis

195 1317 379 1371 Turba
419 1335 572 1370 senes
581 1359 596 1386 ‚
634 1317 906 1386 positique
947 1320 1164 1386 patrum
1205 1335 1366 1386 super
1405 1335 1502 1370 ora
1541 1318 1852 1386 gementum

197 1390 500 1445 Semineces
540 1390 694 1460 pueri
731 1391 971 1461 trepidas
1010 1391 1068 1444 in
1105 1391 1293 1443 limine
1332 1391 1476 1443 vitae
1805 1401 1895 1444 260

196 1464 513 1536 Singultant
552 1465 777 1517 animas,
855 1462 1047 1518 Gelida
1085 1483 1196 1518 non
1235 1464 1448 1518 saevius
1489 1462 1629 1517 Ossa

194 1539 499 1592 Luxuriant
537 1537 897 1607 Lapitharum
939 1539 1150 1608 epulae,
1192 1539 1239 1591 si
1279 1537 1492 1608 quando
1533 1536 1803 1607 profundo

193 1613 517 1683 Nubigenae
558 1612 769 1665 caluere
808 1630 979 1680 mer03
1019 1613 1111 1665 vix
1150 1613 1358 1681 primus
1399 1612 1467 1664 ab
1507 1611 1589 1664 ira

193 1687 400 1757 Pallor,
441 1689 495 1738 et
533 1686 782 1754 impulsis
824 1687 1055 1756 surgunt
1094 1685 1163 1738 ad
1201 1685 1409 1754 proelia
1452 1685 1679 1749 mensis.v

195 1759 345 1813 Tunc
384 1759 621 1829 primum
663 1776 779 1811 sese
818 1759 1045 1828 trepidis
1087 1759 1187 1811 sub
1227 1761 1385 1812 nocte
1425 1757 1716 1827 Thyoneus
1803 1769 1891 1813 265

194 1833 441 1903 Detexit,
482 1836 613 1886 nato
653 1835 877 1902 portans
917 1835 1157 1886 extrema
1194 1832 1435 1886 Thoanti

198 1907 475 1976 Subsidia‚
515 1908 569 1959 et
608 1907 781 1959 multa
821 1907 1033 1959 subitus
1073 1924 1194 1959 cum
1233 1907 1349 1960 luce
1388 1904 1616 1959 refulsit.
1705 1932 1721 1946 ν

194 1982 436 2052 Agnovi:
476 1999 585 2034 non
624 1980 717 2032 ille
758 1980 975 2050 quidem
1014 1981 1294 2050 turgentia
1334 1979 1495 2032 sertis

196 2055 467 2125 Tempora
504 2072 602 2107 nec
641 2054 782 2108 flava
822 2054 1022 2107 crinem
1063 2053 1386 2106 distinxerat
1423 2071 1552 2106 uva:

194 2127 430 2181 Nubilus
469 2128 861 2198 indignumque
903 2127 1071 2179 oculis
1111 2127 1442 2194 liquentibus
1482 2125 1714 2178 imbrem
1802 2137 1890 2179 270

194 2201 547 2271 Adloquitur:
589 2201 781 2253 “Dum
821 2200 936 2252 fata
975 2200 1177 2252 dabant
1216 2200 1340 2267 tibi,
1377 2201 1527 2268 nate,
1565 2199 1845 2267 potentem

194 2275 435 2329 Lemnon
477 2278 531 2326 et
570 2274 803 2326 externis
845 2273 1008 2325 etiam
1050 2291 1261 2326 servare
1301 2271 1596 2326 timendam

196 2347 461 2402 Gentibus
473 2389 487 2417 ‚
526 2347 663 2400 haut
700 2365 956 2416 umquam
997 2347 1138 2400 iusto
1179 2365 1299 2399 mea
1339 2364 1467 2399 cura
1505 2346 1685 2399 labori

193 2421 445 2475 Destitit:
487 2421 829 2474 absciderunt
867 2421 1054 2473 tristes
1095 2421 1330 2474 crudelia
1369 2419 1570 2473 Parcae

197 2494 468 2564 Stamina,
509 2512 609 2547 nec
649 2494 830 2563 dictis,
870 2494 1097 2564 supplex
1137 2513 1273 2563 quae
1312 2493 1548 2563 plurima
1586 2492 1700 2546 fudi
1804 2504 1890 2548 275

197 2570 342 2623 Ante
381 2569 563 2622 Iovem
602 2568 830 2637 frustra,
869 2569 1213 2637 lacrimisque
1255 2572 1495 2621 avertere
1536 2568 1714 2620 luctus

316 2703 402 2744 249
428 2699 476 2742 et
498 2703 531 2741 P
552 2698 663 2742 Beh.
710 2698 778 2742 ibi
800 2701 833 2740 B
881 2698 963 2742 ubi
986 2703 1031 2741 Μ
1054 2700 1069 2754 ΙΙ
1093 2703 1177 2743 257
1203 2697 1540 2755 percommixto
1563 2702 1595 2740 P
1639 2694 1890 2740 commixto

195 2760 331 2804 ceteri
359 2757 590 2815 permixto
614 2758 779 2813 scripsi
804 2759 900 2803 coll.
929 2758 982 2801 X
1002 2761 1093 2803 312
1118 2759 1133 2815 ΙΙ
1157 2762 1241 2801 261
1259 2770 1354 2801 non
1376 2756 1525 2801 secius
1546 2753 1891 2812 Marklandwsu

197 2822 283 2861 268
318 2816 529 2875 Agnouit
559 2821 591 2859 P
615 2818 629 2874 ΙΙ
653 2821 737 2861 269
772 2816 1085 2861 destrinxerat
1114 2820 1189 2859 PB
1223 2817 1448 2861 Heinsius
1495 2813 1801 2859 distrinxerat
1829 2816 1889 2855 rb

198 2876 324 2920 Dan.
359 2876 647 2921 disiunxerat
671 2875 949 2920 Bernartius
973 2878 987 2933 ΙΙ
1012 2881 1096 2920 276
1122 2875 1364 2919 advertere
1397 2881 1429 2917 P
1461 2875 1570 2918 Beh.
