2028 3190
202 137 312 192 216
364 156 367 157 ’
781 140 831 186 Ρ.
864 141 1089 186 PAPINII
1121 142 1315 187 STATII

200 259 500 331 Excubiae3
541 262 759 332 gemina
798 280 923 316 aera
963 268 1161 317 sonant
1198 263 1467 334 Idaeaque
1503 267 1662 336 terga

198 332 274 387 Et
313 334 593 389 moderata
633 355 825 390 sonum
864 338 1016 391 vario
1059 338 1356 407 spiramine
1396 338 1583 392 buxus.

200 408 354 463 Tunc
403 409 583 463 dulces
625 428 848 480 superos
889 415 1049 480 atque
1089 430 1247 465 omne
1287 430 1352 465 ex
1391 412 1576 466 ordine
1615 413 1891 466 alumnum

198 482 417 536 Numen
455 484 656 554 ubique
696 486 835 539 sacri
874 489 1133 539 resonant
1169 505 1427 556 paeaneS,
1465 486 1662 557 ubique

201 555 359 610 Serta
398 561 822 629 coronatumque
862 579 1084 613 merum.
1160 560 1319 614 Nunc
1356 561 1550 614 funera
1586 560 1766 614 rident
1803 571 1890 614 22⁵

196 632 435 701 Auguris
476 633 676 703 ignari,
716 637 1010 704 contraque
1048 634 1105 688 in
1144 637 1389 704 tempore
1428 638 1641 688 certant

197 705 444 759 Tiresian
481 706 701 760 laudare
741 727 921 775 suumg
961 726 1103 761 nunc
1141 708 1257 762 fata
1294 709 1581 762 revolvunt

195 777 467 833 Maiorum
505 784 823 851 veteresque
863 785 1063 835 canunt
1101 783 1168 835 ab
1210 783 1420 854 origine
1461 783 1703 836 Thebas:

195 853 272 906 Hi
310 873 459 908 mare
501 854 782 909 Sidonium
820 857 1180 927 manibusque
1221 857 1411 910 attrita
1449 857 1711 911 Tonantis

197 926 414 982 Cornua
453 932 508 982 et
546 930 758 999 ingenti
799 931 1066 985 sulcatum
1106 930 1285 986 Nerea
1322 934 1504 1000 tauro,
1802 943 1890 984 230

196 1000 270 1054 Hi
310 1000 571 1056 Cadmum
610 1005 918 1074 lassamque
955 1006 1151 1059 bovem
1191 1006 1439 1074 fetosque
1480 1005 1687 1058 cruenti

194 1074 388 1130 Martis
430 1094 591 1147 agros
600 1120 615 1148 ‚
654 1079 747 1131 alii
787 1079 1008 1144 Tyriam
1047 1080 1321 1148 reptantia
1354 1098 1484 1133 saxa

194 1148 281 1202 Ad
314 1151 507 1220 chelyn
547 1155 601 1204 et
639 1152 800 1205 duras
841 1154 1177 1206 animantem
1215 1152 1530 1222 Amphiona
1570 1155 1776 1220 cauteS,

195 1223 270 1276 Hi
308 1225 589 1295 gravidam
631 1224 900 1296 Semelen,
938 1227 1023 1280 illi
1063 1226 1355 1296 Cythereia
1394 1226 1618 1280 laudant

196 1296 440 1352 Conubia
481 1303 535 1353 et
574 1301 749 1353 multa
784 1301 1073 1356 deductam
1111 1301 1364 1372 lampade
1402 1301 1632 1354 fratrum
1801 1311 1887 1354 235

193 1371 577 1427 Harmoniam:
617 1375 785 1428 nullis
825 1375 978 1429 deest
1018 1394 1115 1428 sua
1153 1375 1340 1428 fabula
1379 1374 1625 1428 mensiS.'
1843 1429 1848 1434 ,

194 1444 305 1499 Ceu
344 1447 504 1501 modo
545 1448 921 1518 gemmiferum
960 1450 1152 1518 thyrso
1193 1450 1487 1519 populatus
1526 1447 1822 1518 Hydaspen

191 1519 446 1590 ansque
485 1522 674 1576 domos
715 1524 860 1592 nigri
899 1525 1097 1576 vexilla
1137 1524 1404 1593 triumphi

191 1594 354 1648 Liber
395 1599 450 1649 et
487 1596 708 1666 ignotos
749 1598 966 1666 populis
1008 1598 1317 1651 ostenderet
1354 1597 1533 1650 Indos,

268 1668 410 1722 Tum
442 1671 680 1739 primum
714 1671 780 1723 ad
814 1675 996 1724 coetus
1029 1672 1311 1741 sociaeque
1339 1672 1406 1724 ad
1428 1670 1647 1724 foedera
1671 1686 1887 1722 mensae

194 1741 417 1812 Semper
454 1744 791 1814 inaspectum
832 1745 1054 1816 diraque
1095 1746 1153 1798 in
1192 1745 1315 1798 sede
1354 1746 1617 1798 latentem
1798 1755 1882 1798 241

192 1815 505 1886 Oedipoden
545 1819 718 1873 exisse
758 1819 941 1873 ferunt
979 1820 1240 1889 vultuque
1280 1837 1470 1873 sereno

192 1888 458 1944 Canitiem
495 1892 713 1962 nigram
755 1895 1004 1963 squalore
1045 1897 1100 1947 et
1139 1894 1358 1947 sordida
1395 1893 1530 1946 fusis

191 1964 300 2018 Ora
340 1966 507 2019 comis
548 1967 761 2020 laxasse
802 1987 968 2021 manu
1008 1968 1319 2037 sociumque
1357 1968 1624 2038 benignos

190 2038 425 2092 Adfatus
467 2043 521 2092 et
562 2042 756 2094 abacta
793 2043 945 2110 prius
987 2043 1189 2096 solacia
1227 2060 1475 2110 passum,
1794 2050 1882 2091 245

192 2110 333 2173 Quin
372 2114 620 2167 hausisse
662 2115 827 2184 dapes
866 2116 1291 2183 insiccatumquc
1331 2131 1575 2167 cruorem

190 2185 463 2239 Deiecisse
505 2188 676 2257 genis.
753 2187 988 2242 Cunctos
1030 2189 1285 2258 auditque
1324 2188 1616 2256 refertque,

190 2258 295 2320 Qui
335 2259 518 2313 Ditem
559 2265 613 2314 et
652 2261 843 2314 Furias
883 2265 1106 2315 tantum*
1137 2265 1192 2315 et
1231 2262 1276 2315 si
1316 2262 1529 2331 quando
1569 2262 1846 2330 regentem

190 2333 505 2403 Antigonen
544 2336 782 2398 maestis„
809 2336 1003 2389 solitus
1043 2337 1259 2404 pulsare
1300 2336 1567 2405 querellis,

310 2485 393 2524 227
428 2478 638 2523 Tiresian
669 2485 701 2522 P
731 2479 957 2524 Tiresiam
987 2485 1113 2524 Bsn
1140 2483 1145 2537 Ι
1174 2480 1274 2524 fata
1305 2485 1470 2524 PcGH
1501 2480 1629 2524 facta
1658 2477 1886 2535 B(?)81ss

191 2543 276 2584 229
311 2538 539 2584 adstricta
568 2539 872 2605 Burmannus
904 2542 919 2597 υ
950 2545 1034 2584 231
1069 2539 1323 2596 flectosque
1353 2545 1386 2583 P
1417 2542 1432 2597 ΙΙ
1464 2545 1550 2585 234
1581 2538 1670 2583 Hic
1699 2541 1732 2580 P
1754 2538 1771 2594 ΙΙ
1793 2540 1880 2581 236

188 2626 494 2672 Harmoniam
524 2632 557 2670 P
595 2613 885 2673 Hamionam
915 2633 948 2671 B
986 2628 1290 2673 Hermionam
1323 2634 1381 2672 Sc
1411 2630 1522 2674 Beh.
1556 2633 1581 2672 1
1611 2629 1618 2685 1
1644 2625 1882 2680 nullisque

190 2687 324 2731 deest
355 2691 421 2731 Ge
453 2686 563 2732 Beh.
596 2692 628 2733 2
663 2688 789 2732 Dan.
831 2687 975 2732 nullis
1014 2687 1109 2732 iam
1149 2688 1285 2732 deest
1314 2694 1345 2731 L
1385 2688 1600 2734 Weberus
1638 2686 1751 2730 defis
1799 2695 1884 2727 sua

188 2746 518 2793 Lachmaunus
550 2745 684 2790 deest
715 2760 773 2790 en
805 2760 890 2791 sua
920 2748 1033 2792 Luc.
1070 2749 1325 2793 Muellerus
1357 2748 1491 2792 deses
1524 2760 1608 2790 sua
1638 2745 1696 2789 R.
1738 2742 1881 2799 Unge-

187 2819 269 2851 rus
319 2805 434 2850 defit
473 2819 556 2850 sua
593 2805 914 2850 Baehrensius.
979 2807 1066 2851 Sed
1096 2808 1211 2851 mihi
1250 2808 1428 2863 quidem
1459 2807 1579 2851 nihil
1609 2802 1880 2849 ‘mutandum

188 2866 379 2920 videtum,
415 2865 510 2910 coll.
547 2866 599 2909 X
629 2868 723 2911 236
762 2865 847 2908 XI
876 2869 971 2910 276
