2072 3216
239 165 348 218 154
820 166 868 211 P.
902 165 1128 211 PAPINII
1160 165 1353 212 STATII

114 297 212 340 270
242 287 456 341 Primus
498 287 843 341 anhelantem
885 288 1015 341 duro
1057 287 1375 358 Tirynthius
1416 305 1618 358 angens

237 358 482 415 Pectoris
522 361 713 414 attritu
753 380 850 415 sua
887 362 1093 431 frangit
1130 362 1188 414 in
1226 380 1350 415 ossa
1388 362 1615 416 leonem.

236 435 388 489 Haut
427 436 583 488 illum
621 435 903 506 impavidi,
944 436 1187 506 quamvis
1221 439 1275 489 et
1305 436 1363 489 in
1394 454 1514 490 aere
1546 454 1804 509 suumque
1835 450 1923 493 250

235 509 525 563 Inachidae
564 510 742 563 videre
782 511 957 564 decus.
1034 510 1196 563 Pater
1236 510 1422 564 ordine
1460 510 1644 565 iuncto

236 582 446 637 Laevus
485 584 853 639 harundineae
892 585 1157 639 recubans
1197 603 1360 654 super
1398 601 1596 655 aggere
1633 584 1785 655 ripae

113 666 210 710 275
241 655 493 711 Cernitur
533 660 865 729 emissaeque
904 659 1190 730 indulgens
1229 659 1460 713 Inachus
1498 677 1683 714 urnae.

237 731 298 785 Io
336 735 464 801 post
503 736 743 804 tergum,
783 734 894 786 iam
933 752 1110 803 prona
1149 734 1408 803 dolorque
1447 734 1712 804 parentis,

239 805 461 875 Spectat
499 807 794 861 inocciduis
835 808 1110 861 stellatum
1149 808 1356 862 visibus
1397 808 1623 878 Argum.
1839 820 1926 863 255

236 879 342 933 Ast
381 880 532 933 illa‘m
571 882 761 935 melior
800 881 1013 935 Phariis
1055 885 1297 936 erexerat
1335 883 1480 936 arvis

235 952 482 1023 Iuppiter
522 958 680 1025 atque
719 956 919 1026 hospes
957 956 1068 1009 iam
1107 960 1236 1010 tunc
1273 956 1490 1010 Aurora
1528 956 1755 1011 colebat.

113 1037 210 1080 280
241 1027 503 1082 Tantalus
544 1030 667 1083 inde
707 1049 900 1099 parens
909 1073 923 1099 ,
961 1049 1071 1083 non
1111 1031 1204 1100 qui
1242 1031 1558 1085 fallentibus
1598 1031 1755 1084 undis

237 1101 491 1155 Imminet
531 1106 624 1157 aut
662 1105 852 1174 refuga
891 1105 1133 1157 sterilem
1171 1105 1317 1171 rapit
1356 1124 1481 1158 aera
1521 1105 1680 1174 silva,

238 1175 342 1229 Sed
379 1177 502 1246 pius
545 1180 599 1229 et
639 1178 825 1248 magni
861 1179 1079 1232 vehitur
1117 1179 1342 1233 conviva
1379 1179 1658 1233 Tonantis·
1839 1191 1925 1234 260

235 1249 399 1303 Parte
441 1252 550 1304 alia
587 1252 763 1305 victor
801 1270 959 1306 curru
996 1251 1273 1322 Neptunia
1310 1253 1488 1306 tendit

235 1322 379 1377 Lora
416 1323 636 1394 Pelops,
677 1330 1004 1396 prensatque
1043 1330 1194 1380 rotas
1235 1327 1427 1398 auriga
1463 1330 1714 1380 natantes

113 1405 208 1451 ,285
237 1396 493 1467 Myrtilos
534 1402 588 1452 et
627 1401 833 1453 volucri
870 1401 982 1454 iam
1021 1401 1233 1470 iamque
1273 1401 1595 1471 relinquitur
1634 1420 1747 1455 axe.

234 1471 310 1525 Et
348 1473 531 1542 gravis
571 1474 815 1527 Acrisius
858 1475 1169 1544 speciesque
1207 1475 1476 1528 horrenda
1516 1473 1748 1529 Coroebi

234 1544 309 1598 Et
347 1545 535 1600 Danae
575 1549 794 1617 culpata
833 1549 1005 1618 sinus,
1046 1557 1099 1602 et
1138 1550 1195 1602 in
1235 1567 1390 1603 amne
1428 1552 1642 1618 reperto
1838 1561 1924 1605 265

235 1619 432 1674 Tristis
472 1621 803 1691 Amymone,
842 1641 1116 1692 parvoque
1159 1623 1417 1676 Alcmena
1456 1623 1702 1692 superbit

233 1693 491 1763 Hercule,
529 1697 833 1766 tergemina
871 1697 1072 1749 crinem
1114 1697 1443 1750 circumdata
1481 1698 1624 1750 luna.

111 1775 207 1819 290
236 1766 476 1838 Iungunt
515 1769 787 1822 discordes
826 1770 1048 1823 inimica
1087 1771 1143 1823 in
1180 1770 1397 1824 foedera
1437 1771 1651 1824 dextras

232 1840 453 1895 Belidae
492 1842 713 1913 fratres3
754 1844 846 1897 sed
884 1844 1039 1898 vultu
1079 1845 1263 1898 mitior
1302 1847 1448 1898 astat

232 1915 544 1986 AegythS,
582 1916 761 1971 Danai
801 1918 1151 1971 manifestum
1192 1936 1482 1989 agnoscere
1521 1920 1646 1974 ficto
1836 1933 1923 1976 270

232 1989 337 2042 Ore
376 1993 532 2043 notas
572 1992 829 2061 pacisque
870 1993 1045 2046 malae
1083 1994 1366 2062 noctisque
1404 1993 1633 2047 futurae.

233 2062 388 2117 Mille
430 2064 621 2118 dehinc
660 2067 880 2135 species
957 2066 1196 2119 Tandem
1236 2068 1437 2120 satiata
1475 2068 1728 2137 voluptas

107 2146 204 2189 ‚295
234 2136 685 2208 Praestantesque
725 2141 870 2193 viros
910 2143 1069 2193 vocat
1109 2139 1177 2192 ad
1218 2159 1314 2193 sua
1351 2141 1595 2209 praemia
1632 2141 1818 2194 virtus,

306 2210 520 2264 Primus
553 2213 717 2266 sudor
749 2213 916 2282 equis
978 2212 1081 2265 Dic
1113 2213 1325 2282 inclita,
1366 2213 1607 2284 Phoebe,
1638 2218 1922 2285 regentum

232 2282 487 2355 Nomina,
519 2286 604 2338 dic
636 2286 807 2355 ipsos3
838 2305 1011 2355 neque
1045 2286 1190 2339 enim
1216 2288 1531 2356 generosior
1553 2306 1812 2358 umquam
1835 2300 1922 2343 275

231 2356 520 2427 Alipedum
562 2360 774 2413 conlata
814 2362 977 2430 acieS,
1017 2378 1113 2413 ceu
1150 2364 1407 2431 praepete
1447 2380 1606 2415 cursu

233 2428 545 2501 Confligant
584 2436 769 2486 tensae
809 2432 1053 2487 {rolucres
1094 2437 1189 2487 aut
1228 2434 1392 2489 litore
1431 2436 1486 2488 in
1525 2454 1632 2490 uno

351 2595 436 2636 252
454 2591 683 2635 recubans
704 2597 736 2634 P
748 2592 910 2636 S¹b¹r¹
922 2609 959 2638 π
978 2594 1115 2651 Pray.
1134 2597 1166 2639 2
1182 2595 1504 2652 recubansque
1519 2600 1552 2639 B
1564 2596 1735 2640 G²s⁹u
1754 2596 1758 2655 Ι
1783 2608 1922 2653 super

233 2663 406 2708 aggere
422 2654 655 2694 Parnm
681 2651 767 2695 sub
786 2665 958 2709 aggere
982 2653 1173 2697 30:²81!
1195 2655 1211 2710 ΙΙ
1234 2659 1320 2698 256
1346 2656 1567 2699 euexerat
1587 2656 1656 2701 vel
1679 2655 1922 2699 derexerat

231 2710 541 2755 Baehrensius
563 2711 579 2767 ΙΙ
602 2715 687 2755 259
727 2710 892 2768 refuga
922 2717 954 2754 P
993 2712 1184 2769 refugae
1218 2715 1350 2758 ceteri
1377 2716 1383 2770 Ι
1412 2713 1558 2759 silvae
1590 2715 1715 2760 codd.
1754 2712 1921 2770 refuga

233 2769 353 2814 silva
377 2783 490 2815 corr.
516 2770 823 2815 Baelvrensius
847 2772 861 2827 Η
886 2776 971 2816 270
1003 2772 1097 2816 iam
1127 2771 1198 2815 fas
1232 2774 1307 2828 (=
1332 2772 1461 2828 licet)
1493 2775 1594 2817 tum
1625 2773 1739 2818 coni.
1773 2772 1921 2831 ideml!

234 2832 318 2872 271
343 2830 481 2873 notas
506 2834 538 2872 P
567 2828 700 2873 nefas
733 2832 866 2875 ceteri
896 2832 993 2876 edd.
1018 2833 1033 2888 ΙΙ
1057 2836 1141 2875 273
1167 2833 1306 2875 vocat
1330 2846 1411 2877 om.
1437 2837 1469 2875 P
1492 2833 1508 2888 ΙΙ
1531 2835 1618 2875 274
1648 2829 1815 2875 inclita
1841 2835 1922 2875 PB

232 2885 394 2931 inclite
426 2888 616 2932 BG2SH
638 2889 654 2945 ΙΙ
677 2894 762 2935 277
795 2890 957 2934 tensae
989 2894 1021 2932 P
1053 2890 1225 2934 densae
1258 2892 1392 2937 ceteri
1417 2892 1424 2948 Ι
1450 2903 1569 2935 unco
1603 2891 1840 2936 Mmsius
