2008 3198
634 173 918 221 EDITORIS
949 172 1310 218 PRAEFATIO.
1729 174 1838 218 XIII

147 296 475 350 adtexendos
515 297 725 350 curavit
764 294 869 368 (Of.
909 294 1156 364 Append.
1195 295 1274 348 ed.
1313 294 1602 348 Lindenbr.
1642 313 1694 363 p.
1726 294 1836 347 513

148 370 368 442 —536).
415 369 711 440 Utriusque
752 370 949 424 codicis
990 370 1252 424 lectiones
1293 387 1413 422 cum
1453 369 1771 439 plerumque
1805 387 1838 420 a

144 444 402 498 Behottio
438 445 580 498 inter
613 463 670 498 se
700 462 809 498 non
850 444 1274 514 distinguantur,
1311 443 1399 495 his
1438 442 1576 496 locis
1617 442 1836 512 signum

141 516 289 572 Beh.
335 519 515 588 posui,
569 519 892 588 ubicumque
942 536 1068 571 vero
1122 517 1284 571 lectio
1331 516 1489 570 unius
1545 517 1835 569 alteriusve

142 611 393 661 expresse
438 595 684 662 notatur,
730 593 930 646 litteris
977 590 1124 645 Beh.
1167 594 1195 644 1
1238 592 1324 644 vel
1362 592 1420 660 2,
1470 590 1566 643 ubi
1613 607 1836 643 consen-

141 666 286 719 tiunt
322 665 517 720 Behh.
555 685 684 720 usus
725 685 860 720 sum.
914 665 979 718 In
1020 666 1191 718 altero
1230 665 1370 718 libro
1412 665 1704 733 eodemque
1747 682 1835 716 ve-

139 740 445 794 tustissimo
483 743 635 794 totus
676 741 816 793 liber
854 740 1059 810 primus
1095 739 1329 808 librique
1363 738 1582 792 secundi
1614 739 1834 791 initium

141 814 562 868 desiderabatur.

289 887 433 942 Ood.
473 888 824 959 Pragensis
858 889 892 941 2
925 885 1111 959 (Bibl.
1151 887 1428 940 univerS.
1459 886 1610 941 VIII.
1641 885 1710 940 H.
1735 885 1832 956 31)

139 980 273 1017 saec.
306 960 597 1032 XI—-XIP,
639 982 670 1016 a
711 962 1078 1031 compluribus
1111 962 1362 1015 manibus
1403 964 1670 1028 exaratuS,
1710 978 1833 1013 con-

138 1036 277 1089 tinet
322 1036 600 1089 Thebaida
645 1036 770 1089 inde
819 1054 851 1090 a
898 1036 1026 1088 libri
1078 1036 1241 1105 primi
1287 1054 1335 1088 v.
1383 1033 1492 1088 513
1547 1052 1718 1104 usque
1766 1034 1832 1086 ad

138 1129 185 1163 v.
226 1110 334 1164 635
375 1110 503 1163 libri
542 1110 857 1163 duodecimi.
934 1110 1096 1162 Hunc
1139 1109 1376 1162 codicem
1416 1109 1657 1179 duosque
1697 1108 1834 1162 alios

135 1184 370 1253 primum
417 1184 484 1236 ad
530 1185 703 1238 lucem
749 1183 983 1253 protulit
1022 1183 1255 1237 Ioannes
1295 1183 1505 1236 Kellius
1545 1183 1604 1235 in
1642 1182 1831 1235 libello

137 1258 230 1326 qui
254 1257 592 1311 inscribitur:
618 1257 723 1310 ‘die
740 1257 1094 1310 Klassischen
1110 1257 1537 1311 Handschriften
1554 1257 1611 1309 in
1627 1254 1833 1326 Prager

135 1331 542 1400 Bibliotheken,
598 1332 743 1402 Prag
795 1330 964 1384 1872'
1012 1351 1064 1400 p.
1103 1332 1175 1384 22
1215 1349 1328 1400 sqq.
1403 1330 1528 1385 Duo
1575 1330 1658 1383 illi
1705 1333 1832 1383 sunt

135 1404 264 1457 cod.
302 1403 483 1474 Prag.
527 1406 555 1457 1
600 1403 778 1474 (bibl.
817 1405 1092 1458 univers.
1131 1404 1280 1458 VIII.
1319 1404 1387 1458 H.
1415 1403 1508 1475 11)
1550 1422 1685 1458 saec.
1709 1401 1832 1457 XIIi

135 1481 191 1530 et
229 1478 358 1530 cod.
387 1478 569 1548 Prag.
603 1479 636 1531 3
677 1477 852 1548 (bibl.
893 1478 1085 1548 capit.
1119 1478 1398 1532 cathedr.
1431 1478 1502 1530 M.
1531 1476 1661 1548 124)
1696 1495 1832 1530 saec.

137 1548 301 1620 XIIP,
342 1570 476 1621 quos
511 1552 578 1604 ad
611 1552 735 1605 libri
768 1553 917 1604 tertii
949 1552 1369 1622 quadringentos
1402 1570 1590 1605 versus
1618 1552 1831 1604 Kellius

135 1643 256 1678 cum
289 1625 526 1678 editione
558 1625 807 1678 Muelleri
840 1626 1070 1679 contulit
1101 1630 1155 1678 et
1185 1627 1505 1679 varietatem
1536 1626 1831 1678 lectionum

133 1699 335 1768 publici
383 1699 514 1752 iuris
561 1700 705 1754 fecit.
782 1700 856 1753 Hi
909 1703 1020 1752 tres
1070 1700 1219 1754 codd.
1267 1700 1539 1753 artissime
1587 1700 1731 1752 inter
1771 1717 1829 1751 se

134 1773 420 1839 coniuncti,
458 1777 520 1826 ut
561 1792 625 1826 ex
665 1774 853 1826 eodem
892 1773 1043 1827 fonte
1084 1774 1355 1828 derivatos
1389 1791 1506 1826 esse
1537 1773 1830 1826 verisimile

135 1847 230 1914 sit,
290 1847 524 1899 maxime
580 1851 887 1917 congruunt
942 1865 970 1900 e
1026 1847 1297 1901 codicibus
1361 1848 1552 1901 ceteris
1616 1866 1737 1900 cum
1791 1853 1830 1898 f.

134 1919 374 1982 Quorum
422 1938 541 1973 cum
588 1920 769 1990 Prag.
810 1922 843 1974 2
891 1921 1062 1973 multo
1111 1922 1348 1991 optimus
1397 1921 1694 1989 videretur,
1733 1938 1831 1989 per

132 1994 342 2047 litteras
389 1994 631 2047 Kellium
679 1995 811 2061 adii,
859 1998 921 2047 ut
966 2013 1052 2047 me
1099 1995 1163 2047 de
1212 1995 1323 2048 eius
1371 1995 1694 2048 lectionibus
1744 2012 1828 2046 ac-

133 2067 373 2120 curatius
407 2068 690 2121 certiorem
721 2069 944 2136 faceret3
987 2069 1130 2138 quod
1161 2069 1295 2122 mihi
1326 2069 1535 2139 petenti
1566 2069 1649 2121 vir
1687 2086 1828 2121 sum·

132 2159 253 2194 mae
287 2141 564 2195 doctrinae
590 2145 751 2211 atque
776 2142 1132 2195 humanitatis
1157 2143 1536 2196 liberalissime
1561 2142 1829 2212 praebuit,

135 2214 400 2268 adiunctis
442 2216 608 2269 etiam
650 2218 916 2286 excerptis
955 2217 1232 2270 nonnullis
1266 2235 1330 2270 ex
1364 2216 1570 2270 duobus
1602 2216 1825 2285 reliquis

132 2288 421 2342 codicibus

282 2359 441 2415 Ood.
511 2362 850 2416 Parisinus
921 2363 1066 2418 8055
1129 2365 1258 2417 olim
1330 2362 1824 2417 Colbertinus

133 2433 358 2504 (colb.)
398 2437 691 2490 membran.
725 2437 967 2491 continet
1006 2456 1127 2490 cum
1161 2439 1268 2490 alia
1299 2442 1415 2490 tum
1447 2455 1570 2507 pag.
1605 2438 1825 2491 1—140

23 2536 25 2538 ·
131 2508 411 2562 Thebaida
472 2529 636 2563 manu
693 2529 827 2564 saec.
883 2509 1031 2564 XIIIi
1086 2515 1363 2564 exaratam
1418 2529 1538 2565 cum
1604 2511 1825 2564 scholiis

131 2586 186 2634 et
243 2583 441 2652 glossis
506 2584 807 2653 adscriptis.
886 2585 1038 2654 Ipse,
1099 2603 1220 2638 cum
1282 2585 1507 2638 Parisiis
1569 2602 1824 2651 morarer,

133 2655 422 2783 adhstffdd.
463 2730 969 2802 Rehdigeranus
1011 2733 1183 2802 (bibl.
1226 2733 1354 2785 urb.
1387 2731 1654 2784 Vratisl.
1693 2729 1822 2799 125)

130 2810 180 2855 R
228 2821 362 2856 saec.
410 2801 572 2872 XIV1‚
629 2822 786 2874 quem
835 2807 927 2875 qui
970 2810 1093 2859 ante
1140 2805 1405 2859 Thomam
1454 2804 1821 2873 Rehdigerum

43 2927 45 2929 ,
131 2876 445 2944 possidebat
482 2878 538 2929 in
575 2877 737 2931 Italia
777 2897 807 2931 a
847 2879 1010 2932 Petro
1043 2879 1357 2933 Florentino
1392 2878 1688 2947 bibliopola
1719 2876 1815 2931 Ur-
