2028 3190
6 0 44 60 '‘⁸².³.

706 200 1046 247 THEBAIDOS
1077 201 1190 248 LIB.
1222 200 1323 246 XII.
1760 202 1865 254 341

173 322 280 376 Hic
318 322 424 376 tibi
460 322 658 393 longus
698 322 896 391 honw,
934 322 1022 375 hic
1061 322 1296 375 indivisa
1334 320 1616 392 potestas?
1781 337 1867 376 335

175 396 319 460 Quid
359 396 592 466 queror?
631 398 754 465 ipsa
793 397 914 449 dedi
953 396 1157 450 bellum
1195 400 1572 466 maestumque
1609 398 1800 466 rogavi

173 469 303 540 Ipsa
341 474 580 540 patrem,
618 476 680 522 ut
716 471 884 523 talem
922 489 1063 523 nunc
1101 474 1157 523 te
1199 471 1478 539 complexa
1516 474 1770 524 tenerem.

177 543 282 597 Sed
313 544 449 598 bene
480 544 669 613 habet,
702 545 906 614 superi,
942 548 1161 614 gratum
1201 548 1307 613 est,
1346 543 1608 614 Fortuna3
1647 550 1869 614 peracta

177 616 312 688 Spes
353 619 653 688 longinqua
691 619 834 670 viae:
872 622 1019 671 totos
1059 618 1363 672 invenimus
1405 623 1570 671 artus,

173 691 243 744 Ei
282 691 441 760 mihi,
481 692 573 744 sed
614 697 817 760 quanto
859 691 1132 745 descendit
1166 693 1360 745 vulnus
1399 692 1580 745 hiatu!
1781 707 1867 748 340

171 765 292 818 Hoc
330 765 541 818 frater?
583 784 690 835 qua
729 769 909 834 parte,
948 784 1160 835 precor,
1197 767 1340 818 iacet
1376 766 1470 818 ille
1509 766 1770 821 nefandus

171 838 504 892 Praedator?
545 840 761 899 vincam
800 841 1045 893 volucres
1087 838 1184 910 (sit
1224 840 1370 893 adire
1409 841 1680 911 potestas)

171 912 579 982 Excludamque
619 913 785 981 feras3
827 932 896 966 an
933 914 1101 967 habet
1138 914 1386 967 funestus
1427 918 1482 966 et
1519 915 1713 983 ignes?

176 986 281 1040 Sed
318 1005 419 1040 nec
456 991 510 1039 te
551 987 787 1040 flammis
827 988 1044 1056 inopem
1082 992 1180 1041 tua
1217 991 1366 1040 terra
1405 988 1634 1042 videbit:

173 1061 408 1114 Ardebis
449 1061 808 1130 lacrimasque
848 1062 1015 1130 feres,
1055 1081 1189 1131 quas
1229 1063 1369 1114 ferre
1408 1067 1665 1132 negatum
1781 1077 1867 1118 345

170 1133 439 1205 Regibus,
477 1135 808 1204 longumque
848 1139 943 1188 tuo
983 1136 1249 1189 famulata
1289 1136 1536 1206 sepulcro

171 1207 410 1262 Durabit
449 1209 662 1261 deserta
699 1209 854 1278 fides,
893 1211 1157 1279 testisque
1198 1210 1447 1263 dolorum

174 1281 355 1335 Natus
396 1283 521 1351 erit,
561 1301 834 1351 parvoque
872 1287 1053 1337 torum
1092 1284 1347 1353 Polynice
1386 1284 1618 1337 fovebo?

246 1355 388 1409 Ecce
428 1356 565 1409 alios
606 1358 839 1426 gemitus
881 1358 1150 1426 aliamque
1191 1358 1258 1410 ad
1296 1358 1460 1410 busta
1497 1357 1710 1412 ferebat

173 1429 450 1498 Antigone
490 1429 794 1483 miseranda
832 1431 1029 1500 facem,
1068 1433 1157 1484 vix
1196 1435 1393 1484 nancta
1430 1432 1633 1501 petitos
1778 1447 1864 1487 350

167 1501 455 1556 Moenibus
497 1520 768 1573 egressus3
809 1505 959 1557 illam
997 1524 1127 1558 nam
1164 1509 1409 1575 tempore
1450 1506 1508 1558 in
1547 1507 1696 1559 omni

168 1577 476 1630 Attendunt
514 1578 706 1647 vigiles
748 1582 802 1630 et
839 1597 933 1631 rex
972 1579 1122 1632 iubet
1159 1580 1274 1649 ipse
1314 1580 1511 1649 teneri,

171 1648 600 1721 Contractaeque
640 1652 782 1705 vices
824 1656 879 1705 ct
919 1654 1158 1706 crebrior
1197 1654 1427 1706 excubat
1466 1654 1626 1724 ignis.

168 1723 319 1794 Ergo
360 1725 473 1778 deis
513 1725 777 1794 fratrique
816 1745 998 1780 moras
1039 1731 1262 1780 excusat
1302 1731 1356 1779 et
1395 1746 1602 1798 amem,

170 1796 248 1850 Ut
287 1799 512 1867 paulum
553 1800 788 1853 admisso
831 1802 993 1853 cessit
1034 1802 1199 1855 statio
1239 1801 1462 1855 horrida
1503 1821 1717 1872 somno,
1775 1818 1861 1856 355

166 1871 423 1941 Erumpit
462 1874 652 1925 muris:
692 1873 915 1926 fremitu
955 1893 1060 1943 quo
1101 1876 1320 1928 territat
1360 1893 1519 1945 agros

168 1944 416 2015 Virginis
455 1946 538 1998 ira
576 1946 714 2014 leae,
752 1947 930 2000 rabies
972 1949 1057 2001 cui
1096 1949 1269 2001 libera
1307 1949 1527 2001 tandem

166 2017 242 2072 Et
278 2020 486 2088 primus
528 2020 643 2072 sine
682 2024 855 2073 matre
894 2021 1059 2076 furor.
1136 2021 1251 2075 Nec
1289 2023 1456 2093 longa
1495 2028 1728 2093 morata,

169 2092 381 2162 Quippe
412 2097 620 2147 trucem
653 2111 903 2164 campum
938 2099 1014 2164 et,
1045 2097 1255 2166 positus
1290 2115 1394 2166 quo
1427 2097 1648 2166 pulvere
1679 2099 1861 2168 frater,

171 2165 431 2220 Noverat.
502 2169 682 2237 Atque
722 2168 875 2221 illam
917 2174 1105 2223 contra
1144 2171 1291 2223 videt
1323 2171 1400 2222 ire
1432 2170 1734 2242 MenoeteS,
1774 2187 1861 2226 360

167 2237 269 2292 Cui
307 2245 486 2310 vacat,
526 2245 580 2293 et
618 2259 773 2295 carae
813 2244 1051 2312 gemitus
1092 2245 1386 2313 compescit
1427 2246 1687 2300 alumnae.

167 2311 303 2365 Cum
342 2319 526 2367 tamen
566 2322 770 2369 erectas
812 2320 1084 2371 extremus
1123 2319 1356 2388 virginis
1398 2337 1553 2372 aures

174 2386 422 2440 Accessit
462 2406 624 2440 sonus
636 2431 650 2458 ,
688 2400 853 2459 utque
896 2395 1015 2444 atra
1056 2393 1154 2445 sub
1196 2397 1345 2446 veste
1386 2395 1659 2463 comisque

286 2507 372 2546 338
403 2504 598 2559 peracta
628 2508 660 2546 P
691 2507 886 2560 peracta
918 2508 990 2550 est
1022 2508 1156 2551 ceteri
1186 2510 1199 2565 ΙΙ
1232 2513 1315 2552 341
1349 2508 1465 2552 iacit
1495 2514 1527 2551 P
1557 2511 1572 2564 ΙΙ
1596 2513 1682 2552 343
1713 2508 1857 2552 Exce-

169 2559 369 2616 damque
409 2562 636 2607 Heinsius
673 2564 687 2619 ΙΙ
725 2569 812 2609 345
836 2579 898 2622 sq.
939 2567 1074 2610 verba
1112 2565 1424 2623 lacrimasque
1450 2594 1506 2600 —
1531 2567 1739 2623 Regibus
1782 2569 1855 2612 de-

166 2624 274 2664 sum
314 2621 366 2664 in
396 2625 429 2662 P
468 2622 483 2676 ΙΙ
522 2626 607 2665 345
640 2622 840 2666 Ardebit
869 2629 902 2667 P
930 2627 936 2680 1
963 2626 1189 2681 negatum
1221 2628 1293 2669 est
1325 2632 1436 2670 031
1472 2629 1486 2683 ΙΙ
1525 2632 1610 2670 346
1643 2626 1855 2682 longum·

164 2691 254 2733 que
287 2683 320 2721 P
361 2681 695 2736 aeternumque
734 2684 868 2727 ceteri
904 2684 918 2739 ΙΙ
959 2689 1044 2728 347
1091 2685 1330 2741 pestisque
1361 2691 1394 2729 P
1432 2688 1447 2742 ΙΙ
1486 2691 1572 2730 350
1618 2687 1793 2728 nancta
1822 2690 1855 2727 P

162 2740 304 2782 nacta
335 2740 469 2783 ceteri
506 2741 520 2795 ΙΙ
560 2745 644 2783 352
685 2742 839 2784 teneri
871 2746 952 2784 GR
983 2744 1137 2788 timeri
1169 2748 1296 2787 PBH
1336 2747 1351 2801 11
1387 2751 1472 2789 355
1505 2743 1676 2788 amisso
1708 2749 1740 2786 P
1774 2744 1852 2787 ad-

162 2795 308 2840 misso
349 2812 461 2843 corr.
495 2799 805 2844 Baehrensius
836 2799 1045 2845 immisso
1079 2805 1212 2847 ceteri
1242 2805 1368 2849 codd.
1394 2807 1409 2860 ΙΙ
1434 2809 1516 2848 361
1553 2802 1641 2855 Qui
1677 2803 1853 2861 Peyra-

162 2856 296 2900 redus
332 2857 553 2901 ‘absolute
580 2859 798 2913 positum’
826 2861 841 2915 ss
865 2865 949 2904 362
983 2863 1217 2905 extremus
1244 2865 1422 2906 erectas
1439 2866 1609 2905 BGHT
1634 2863 1852 2907 extremis

163 2916 341 2958 erectas
375 2930 398 2958 c
434 2919 637 2960 arrectas
667 2917 893 2963 Burthius
