1942 3190
626 169 913 216 EDITORIS
944 169 1306 218 PRAEFATIO.
1717 172 1802 218 XV

6 349 10 359 ὲ
100 292 284 346 silium
327 292 542 346 iniisset
601 291 836 347 Statium
887 291 1044 357 novis
1099 291 1240 346 curis
1299 310 1577 346 recensere
1627 310 1802 348 emen-

0 369 9 419 ¹:
103 366 229 419 dare
283 366 557 420 illustrare
622 365 713 436 (cf.
767 365 881 418 eius
941 364 1250 420 Observatt.
1301 367 1466 421 critic.
1526 367 1585 420 in
1640 366 1800 421 Statii

103 439 297 493 Achill.
357 440 603 511 Gotting.
667 440 812 494 1814
863 458 915 509 p.
964 438 1048 510 4),
1100 443 1292 509 postea
1346 441 1617 511 gymnasii
1670 441 1801 495 Bre-

0 559 2 567 ζ
101 514 302 568 mensis
365 515 598 568 director
662 515 839 568 factus
892 515 1175 583 proposito
1238 514 1510 568 destitisse
1572 515 1800 569 videtur.

100 587 487 657 Amplissimas
532 589 637 642 viri
684 587 984 642 doctissimi
1031 588 1253 642 schedas
1311 587 1615 660 StatianaS,
1662 608 1799 660 quae

98 661 260 715 hodie
284 662 342 714 in
371 663 502 716 bibl.
535 661 904 715 universitatis
929 661 1409 732 Argentoratensis
1435 668 1797 734 asservantur,

101 736 455 806 explorandas
492 735 867 789 liberalissime
906 736 1041 788 mihi
1080 737 1347 791 concessit
1383 737 1698 792 BarackiuS.

247 809 442 862 Restat
463 812 526 863 ut
556 811 632 864 eis
658 809 791 863 viris
831 810 924 880 qui
961 810 1018 862 in
1040 810 1144 864 hoc
1183 812 1442 881 opusculo
1467 811 1795 882 perficiendo

100 901 186 936 me
234 883 559 938 adiuverunt
604 884 811 954 gratias
858 901 1019 954 agam
1057 903 1220 954 quam
1259 886 1538 939 maximas,
1614 885 1796 956 Atque

0 958 4 1014 Ῐ
104 958 346 1011 omnium
369 959 604 1012 maxime
629 958 778 1014 Aem.
801 958 1154 1014 Baehrensz‘us
1178 958 1569 1031 Groningensis
1596 960 1796 1030 optime

0 1081 2 1090 =
102 1031 167 1084 de
206 1031 307 1086 hac
338 1051 459 1086 mea
482 1033 719 1086 editione
751 1033 972 1086 meritus
999 1036 1104 1101 est,
1144 1035 1340 1104 quippe
1365 1035 1456 1104 qui
1479 1052 1592 1089 non
1617 1036 1796 1088 solum

0 1104 11 1154 A
97 1105 156 1158 in
193 1106 428 1178 plagulis
468 1107 798 1178 corrigendis
837 1107 1192 1161 libentissime
1231 1109 1367 1162 mihi
1406 1108 1660 1174 adfuerit,
1703 1109 1798 1162 sed

0 1229 5 1255 f
99 1179 263 1234 etiam
302 1181 631 1234 coniecturas
662 1199 773 1235 non
803 1200 1003 1251 paucas
1036 1182 1374 1236 acutissimas
1405 1201 1616 1236 mecum
1652 1200 1793 1236 com-

10 1283 14 1293 ι
100 1254 466 1308 manicaverit.
517 1255 655 1308 Tum
695 1255 968 1309 codicibus
1005 1256 1381 1311 liberalissime
1419 1257 1791 1310 transmitten-

11 1340 13 1344 ‘
100 1328 182 1381 dis
220 1346 307 1381 me
346 1329 450 1382 sibi
489 1329 842 1383 devinxerunt
871 1330 1207 1400 Pluyyersius
1245 1334 1409 1402 atque
1440 1332 1692 1386 Nicolaus
1723 1331 1794 1384 du

99 1401 236 1455 Rieu
258 1401 563 1473 Leidenses,
585 1404 982 1459 Heinemannus
1001 1405 1559 1477 Wolfenbuttelensis‚
1576 1405 1799 1460 Luebbe-

101 1492 201 1528 nus
240 1473 712 1547 OldenburgensiS.

178 1590 492 1647 Scribebam
530 1593 769 1648 Emdae
808 1613 993 1649 mense
1031 1596 1283 1660 Ianuario
1325 1615 1371 1651 a.
1417 1597 1574 1651 1879.
