1942 3190
179 161 245 206 VI
575 198 580 203 .
690 159 974 207 EDITORIS
1005 161 1367 208 PRAEFATIO.

179 281 453 335 Thebaide
508 282 566 335 in
614 282 710 335 illo
761 284 1004 352 exemplo
1063 283 1329 354 principe,
1386 283 1528 354 quod
1582 285 1874 339 secundum

178 355 397 409 Alcuini
450 356 822 410 testimonium
878 357 1108 426 septimo
1164 358 1250 410 vel
1310 362 1500 412 octavo
1549 360 1761 413 saeculo
1815 361 1874 412 in

178 429 518 483 Britanniam
550 430 790 484 delatum
813 431 1148 485 bibliotheca
1169 431 1531 486 Eboracensis
1549 433 1873 499 continebat,

179 504 236 556 in
291 504 467 558 medio
522 505 932 574 relinquendum
984 508 1087 575 est3
1143 506 1211 558 ab
1261 506 1357 559 illo
1407 525 1533 560 vero
1581 507 1875 577 exemplari

180 596 366 631 omnes
408 578 642 648 codiceS,
681 580 773 648 qui
813 578 1045 633 ‘saeculo
1077 597 1222 632 nono
1262 583 1317 632 et
1346 580 1664 651 insequente
1694 583 1874 635 aetate

177 670 275 720 per
337 651 571 705 Galliam
632 652 1084 722 Germaniamque
1141 655 1431 724 propagari
1485 656 1540 707 et
1597 655 1658 708 in
1716 673 1875 709 usum

181 726 565 780 scholasticum
605 727 845 780 converti
885 728 1062 797 coepti
1102 726 1262 797 sunt'‚
1310 729 1621 796 provenisse
1658 747 1873 798 persua-

180 800 303 853 dere
356 801 491 853 mihi
528 819 640 855 non
689 819 925 870 possum.
1002 800 1436 871 Diligentissime
1476 801 1778 856 Achilleida
1816 803 1875 856 in

180 874 377 928 scholis
424 875 585 927 medii
632 876 751 928 aevi
795 878 1085 929 tractatam
1144 893 1260 928 esse
1305 876 1592 930 notissima
1639 894 1725 930 res
1776 879 1872 930 est.

175 947 341 1001 Velut
380 947 696 1019 Gerbertus,
735 949 1078 1002 doctissimus
1117 950 1208 1002 ille
1249 950 1532 1019 episcopus
1571 949 1873 1020 RemensiS,

177 1041 209 1075 a
247 1023 498 1093 Remigio
539 1023 803 1076 monacho
844 1023 1127 1077 Treverico
1166 1041 1262 1092 per
1292 1024 1477 1077 literas
1515 1024 1710 1094 petivit
1748 1021 1872 1095 (Ep.

176 1095 503 1167 CXXXIV):
561 1096 627 1150 ‘si
658 1102 704 1150 te
733 1114 859 1151 σανα
890 1102 1158 1150 tantarum
1176 1099 1374 1151 detinet
1402 1115 1600 1168 rerum,
1638 1099 1873 1152 volumen

172 1171 488 1225 Achilleidos
549 1170 710 1225 Statii
764 1172 1033 1240 diliyenter
1092 1173 1407 1240 conpositum
1464 1173 1611 1226 nobis
1668 1172 1871 1242 dioiye';

174 1246 490 1315 apographo
532 1248 751 1314 accepto
793 1245 940 1299 haud
978 1246 1058 1299 ita
1089 1248 1377 1300 contentus
1416 1246 1698 1316 rescripsit
1744 1244 1872 1317 (Ep.

174 1316 500 1389 OXLV111):
537 1319 880 1388 ‘Praeyravat
900 1319 1112 1386 affectus
1136 1325 1254 1374 tuus
1266 1362 1279 1390 ,
1315 1321 1672 1374 amantissime
1689 1321 1873 1389 frater,

173 1410 302 1460 opus
324 1393 641 1447 Achilleidos
670 1395 807 1461 quod
835 1394 954 1448 bene
982 1395 1186 1461 quidem
1214 1395 1471 1462 incepisti,
1508 1395 1598 1448 sed
1632 1394 1873 1462 defecisti,

170 1468 295 1520 dum
332 1469 596 1536 exemplar
633 1466 846 1534 defecit'.
926 1466 1030 1539 (Of.
1080 1467 1141 1521 Ο.
1179 1467 1428 1521 Muelleri
1480 1471 1709 1538 quaestt.
1746 1486 1798 1538 p.
1837 1469 1870 1522 8

168 1546 272 1595 aiot.
311 1542 467 1595 Aem.
509 1541 716 1595 Grossii
753 1559 935 1611 progr.
986 1541 1119 1595 Coll.
1167 1541 1418 1594 Frideric.
1466 1540 1678 1611 Regim.
1728 1542 1870 1595 1866

168 1634 219 1684 p.
289 1613 357 1686 1.)
460 1614 802 1683 Gerbertum,
866 1633 971 1683 quo
1033 1618 1277 1683 tempore
1335 1615 1553 1667 scholae
1614 1615 1872 1669 Remensi

167 1691 437 1758 praeerat,
478 1707 599 1741 cum
640 1688 974 1742 scholaribus
1011 1686 1248 1741 Statium
1278 1688 1476 1758 legisse
1515 1690 1572 1741 et
1607 1691 1871 1743 tractasse

169 1765 403 1815 testatur
446 1761 708 1815 Richerus
747 1761 889 1814 Hist.
928 1761 1012 1814 III
1049 1763 1120 1815 47
1164 1760 1334 1832 (Mon.
1375 1759 1468 1815 SS.
1508 1761 1592 1815 ΙΠ
1629 1781 1681 1833 p.
1721 1763 1871 1833 617).

167 1836 234 1889 In
266 1835 584 1889 Germaniae
609 1836 1053 1905 septentrionalis
1080 1853 1291 1906 quoque
1331 1836 1535 1889 scholis
1561 1836 1873 1890 Achilleida

169 1911 470 1963 lectitatam
509 1928 627 1963 esse
667 1910 809 1962 effici
849 1910 1075 1979 cogique
1113 1912 1300 1979 potest
1331 1928 1394 1962 ex
1433 1910 1511 1963 eis
1545 1929 1681 1980 quae
1720 1913 1775 1964 et
1804 1911 1870 1964 de

172 1984 361 2037 schola
399 1983 831 2037 Paderbornensi
865 2001 999 2037 saec.
1032 1984 1299 2037 undecimi
1337 1984 1396 2036 in
1425 1984 1538 2036 vita
1560 1983 1872 2038 Meinwerci

171 2058 406 2127 episcopi
461 2059 569 2111 160
622 2055 792 2129 (Mon.
845 2055 936 2110 SS.
987 2057 1065 2109 XI
1117 2075 1169 2125 p.
1213 2055 1367 2127 140),
1421 2059 1476 2109 et
1526 2056 1591 2109 de
1639 2058 1871 2126 pueritia

170 2131 404 2185 Vicelini
447 2132 736 2184 traduntur
779 2131 837 2183 in
884 2127 1159 2183 Helm'oldi
1213 2129 1469 2183 chronico
1519 2128 1804 2185 Slavorum
1842 2131 1870 2185 I

169 2207 242 2259 42
283 2203 450 2276 (Mon.
491 2203 582 2258 SS.
621 2204 749 2257 XXI
786 2223 839 2273 p.
877 2204 950 2256 44
990 2201 1104 2275 sq).

319 2278 434 2333 Nec
473 2279 530 2331 in
568 2278 853 2332 Britannia
889 2280 1080 2347 postea
1120 2275 1323 2330 Statius
1375 2277 1485 2347 legi
1531 2278 1735 2332 desitus
1773 2282 1870 2349 est,

170 2373 290 2407 cum
337 2353 599 2406 Achilleis
646 2354 704 2406 in
759 2352 1065 2421 praecipuis
1123 2351 1366 2404 fontibus
1421 2352 1563 2404 illius
1615 2353 1869 2407 carminis

169 2427 504 2481 numeranda
556 2428 649 2497 sit,
714 2426 857 2496 quod
918 2442 1053 2479 saec.
1117 2424 1432 2478 duodecimo
1496 2429 1721 2479 exeunte
1781 2427 1868 2480 vel

169 2503 390 2555 ineunte
452 2501 614 2555 tertio
674 2500 879 2554 decimo
944 2498 1205 2568 Iosephus
1262 2498 1506 2568 Iscanus,
1569 2500 1867 2555 monachus

169 2575 543 2644 Britannicus,
591 2576 655 2628 de
693 2575 835 2628 bello
883 2571 1120 2626 Troiano
1168 2573 1472 2641 composuit
1510 2573 1663 2628 libris
1703 2573 1866 2645 sex,¹)

293 2709 336 2764 1)
371 2706 486 2751 Cum
518 2704 602 2751 alii
632 2707 734 2749 tum
765 2703 816 2749 hi
848 2704 971 2749 inter
1002 2717 1050 2748 se
1084 2704 1386 2761 comparandi
1417 2708 1524 2751 sunt
1553 2704 1667 2751 loci:
1705 2705 1791 2764 Iso.
1822 2705 1867 2750 II

173 2772 255 2811 171
290 2780 396 2811 cum
427 2766 540 2812 Ach.
581 2766 603 2809 Ι
644 2769 744 2821 141,
783 2765 869 2808 Isc.
905 2763 965 2808 VI
1005 2767 1091 2809 483
1131 2777 1230 2820 sqq.
1271 2777 1376 2809 cum
1415 2765 1528 2810 Ach.
1568 2765 1589 2808 Ι
1628 2769 1714 2810 677
1748 2779 1863 2822 sqq„

170 2826 255 2870 Isc.
289 2826 331 2869 Π
363 2831 419 2871 87
460 2839 565 2870 cum
605 2824 718 2869 Ach.
752 2823 774 2866 I
808 2828 908 2879 774,
948 2822 1033 2868 Isc.
1072 2822 1116 2866 Π
1155 2826 1241 2867 277
1276 2837 1380 2868 cum
1421 2825 1535 2870 Ach.
1575 2824 1620 2868 ΙΙ
1659 2828 1741 2880 51,
1779 2823 1866 2868 lec.

170 2884 213 2929 V
245 2890 331 2930 466
365 2899 469 2930 oum
503 2884 616 2930 Ach.
649 2884 692 2927 ΙΙ
727 2888 823 2927 133.
