<?xml version="1.0" encoding="UTF-8"?>
<!DOCTYPE html PUBLIC "-//W3C//DTD XHTML 1.0 Transitional//EN"
    "http://www.w3.org/TR/xhtml1/DTD/xhtml1-transitional.dtd">
<html xmlns="http://www.w3.org/1999/xhtml" xml:lang="en" lang="en">
 <head>
  <title>
</title>
<meta http-equiv="Content-Type" content="text/html;charset=utf-8" />
  <meta name='ocr-system' content='tesseract 3.04.00' />
  <meta name='ocr-capabilities' content='ocr_page ocr_carea ocr_par ocr_line ocrx_word'/>
</head>
<body>
  <div class='ocr_page' id='page_1' title='image "./operapapinius212statuoft_0015.png"; bbox 0 0 1942 3190; ppageno 0'>
   <div class='ocr_carea' id='block_1_1' title="bbox 608 173 1808 221">
    <p class='ocr_par' dir='ltr' id='par_1_1' title="bbox 608 173 1808 221">
     <span class='ocr_line' id='line_1_1' title="bbox 608 173 1808 221; baseline 0 -1"><span class='ocrx_word' id='word_1_1' title='bbox 608 174 896 221; x_wconf 84' lang='lat' dir='ltr'>EDITORIS</span> <span class='ocrx_word' id='word_1_2' title='bbox 927 173 1287 220; x_wconf 83' lang='lat' dir='ltr'><strong>PRAEFATIO.</strong></span> <span class='ocrx_word' id='word_1_3' title='bbox 1743 176 1808 221; x_wconf 91' lang='lat' dir='ltr'>IX</span> 
     </span>
    </p>
   </div>
   <div class='ocr_carea' id='block_1_2' title="bbox 106 296 1809 1776">
    <p class='ocr_par' dir='ltr' id='par_1_2' title="bbox 110 296 1809 887">
     <span class='ocr_line' id='line_1_2' title="bbox 113 296 1806 369; baseline -0.001 -16"><span class='ocrx_word' id='word_1_4' title='bbox 113 298 409 369; x_wconf 86' lang='lat' dir='ltr'>archetypo</span> <span class='ocrx_word' id='word_1_5' title='bbox 448 297 739 367; x_wconf 86' lang='lat' dir='ltr'>fluxerunt,</span> <span class='ocrx_word' id='word_1_6' title='bbox 788 297 867 350; x_wconf 89' lang='lat' dir='ltr'>ita</span> <span class='ocrx_word' id='word_1_7' title='bbox 914 299 1098 350; x_wconf 89' lang='lat' dir='ltr'>tamen</span> <span class='ocrx_word' id='word_1_8' title='bbox 1142 297 1205 348; x_wconf 91' lang='lat' dir='ltr'>ut</span> <span class='ocrx_word' id='word_1_9' title='bbox 1249 303 1320 364; x_wconf 87' lang='lat' dir='ltr'>P,</span> <span class='ocrx_word' id='word_1_10' title='bbox 1369 296 1460 366; x_wconf 94' lang='lat' dir='ltr'>qui</span> <span class='ocrx_word' id='word_1_11' title='bbox 1509 296 1655 351; x_wconf 89' lang='lat' dir='ltr'>haud</span> <span class='ocrx_word' id='word_1_12' title='bbox 1696 298 1806 351; x_wconf 91' lang='lat' dir='ltr'>scio</span> 
     </span>
     <span class='ocr_line' id='line_1_3' title="bbox 113 370 1808 443; baseline -0.001 -15"><span class='ocrx_word' id='word_1_13' title='bbox 113 392 181 428; x_wconf 89' lang='lat' dir='ltr'>an</span> <span class='ocrx_word' id='word_1_14' title='bbox 233 392 298 427; x_wconf 92' lang='lat' dir='ltr'>ex</span> <span class='ocrx_word' id='word_1_15' title='bbox 351 373 470 443; x_wconf 90' lang='lat' dir='ltr'>ipso</span> <span class='ocrx_word' id='word_1_16' title='bbox 525 372 817 442; x_wconf 90' lang='lat' dir='ltr'>exemplari</span> <span class='ocrx_word' id='word_1_17' title='bbox 870 370 1111 441; x_wconf 86' lang='lat' dir='ltr'>principe</span> <span class='ocrx_word' id='word_1_18' title='bbox 1164 370 1464 439; x_wconf 87' lang='lat' dir='ltr'>descriptus</span> <span class='ocrx_word' id='word_1_19' title='bbox 1517 371 1610 439; x_wconf 86' lang='lat' dir='ltr'>sit,</span> <span class='ocrx_word' id='word_1_20' title='bbox 1666 372 1808 426; x_wconf 87' lang='lat' dir='ltr'>fonti</span> 
     </span>
     <span class='ocr_line' id='line_1_4' title="bbox 111 443 1809 515; baseline -0.002 -12"><span class='ocrx_word' id='word_1_21' title='bbox 111 449 385 503; x_wconf 88' lang='lat' dir='ltr'>communi</span> <span class='ocrx_word' id='word_1_22' title='bbox 417 446 644 500; x_wconf 84' lang='lat' dir='ltr'>similior</span> <span class='ocrx_word' id='word_1_23' title='bbox 682 446 1143 515; x_wconf 83' lang='lat' dir='ltr'>propinquiorque</span> <span class='ocrx_word' id='word_1_24' title='bbox 1187 443 1502 498; x_wconf 88' lang='lat' dir='ltr'>iudicandus</span> <span class='ocrx_word' id='word_1_25' title='bbox 1547 446 1809 515; x_wconf 86' lang='lat' dir='ltr'>videatur,</span> 
     </span>
     <span class='ocr_line' id='line_1_5' title="bbox 110 518 1807 594; baseline -0.001 -18"><span class='ocrx_word' id='word_1_26' title='bbox 110 531 197 594; x_wconf 80' lang='lat' dir='ltr'>Po</span> <span class='ocrx_word' id='word_1_27' title='bbox 238 524 420 576; x_wconf 88' lang='lat' dir='ltr'>autem</span> <span class='ocrx_word' id='word_1_28' title='bbox 459 524 514 574; x_wconf 88' lang='lat' dir='ltr'>et</span> <span class='ocrx_word' id='word_1_29' title='bbox 552 518 648 588; x_wconf 73' lang='lat' dir='ltr'>G2,</span> <span class='ocrx_word' id='word_1_30' title='bbox 697 521 897 590; x_wconf 84' lang='lat' dir='ltr'>quippe</span> <span class='ocrx_word' id='word_1_31' title='bbox 936 520 1028 588; x_wconf 92' lang='lat' dir='ltr'>qui</span> <span class='ocrx_word' id='word_1_32' title='bbox 1068 537 1132 572; x_wconf 86' lang='lat' dir='ltr'>ex</span> <span class='ocrx_word' id='word_1_33' title='bbox 1171 519 1485 589; x_wconf 84' lang='lat' dir='ltr'>apographo</span> <span class='ocrx_word' id='word_1_34' title='bbox 1526 520 1807 591; x_wconf 73' lang='lat' dir='ltr'>archetypi</span> 
     </span>
     <span class='ocr_line' id='line_1_6' title="bbox 111 593 1808 666; baseline -0.001 -16"><span class='ocrx_word' id='word_1_35' title='bbox 111 615 224 650; x_wconf 89' lang='lat' dir='ltr'>non</span> <span class='ocrx_word' id='word_1_36' title='bbox 260 597 418 666; x_wconf 88' lang='lat' dir='ltr'>plane</span> <span class='ocrx_word' id='word_1_37' title='bbox 465 596 676 664; x_wconf 85' lang='lat' dir='ltr'>integro</span> <span class='ocrx_word' id='word_1_38' title='bbox 717 594 943 648; x_wconf 91' lang='lat' dir='ltr'>derivati</span> <span class='ocrx_word' id='word_1_39' title='bbox 982 612 1098 647; x_wconf 88' lang='lat' dir='ltr'>esse</span> <span class='ocrx_word' id='word_1_40' title='bbox 1137 593 1444 662; x_wconf 86' lang='lat' dir='ltr'>videantur,</span> <span class='ocrx_word' id='word_1_41' title='bbox 1491 612 1656 648; x_wconf 90' lang='lat' dir='ltr'>manu</span> <span class='ocrx_word' id='word_1_42' title='bbox 1695 613 1808 649; x_wconf 89' lang='lat' dir='ltr'>cor-</span> 
     </span>
     <span class='ocr_line' id='line_1_7' title="bbox 112 668 1807 736; baseline -0.001 -12"><span class='ocrx_word' id='word_1_43' title='bbox 112 671 336 724; x_wconf 85' lang='lat' dir='ltr'>rectoris</span> <span class='ocrx_word' id='word_1_44' title='bbox 377 687 513 723; x_wconf 88' lang='lat' dir='ltr'>saec.</span> <span class='ocrx_word' id='word_1_45' title='bbox 552 668 659 722; x_wconf 91' lang='lat' dir='ltr'>XII</span> <span class='ocrx_word' id='word_1_46' title='bbox 695 668 968 722; x_wconf 85' lang='lat' dir='ltr'>nonnullis</span> <span class='ocrx_word' id='word_1_47' title='bbox 1008 668 1141 721; x_wconf 91' lang='lat' dir='ltr'>locis</span> <span class='ocrx_word' id='word_1_48' title='bbox 1182 670 1237 720; x_wconf 85' lang='lat' dir='ltr'>et</span> <span class='ocrx_word' id='word_1_49' title='bbox 1275 668 1512 736; x_wconf 89' lang='lat' dir='ltr'>suppleti</span> <span class='ocrx_word' id='word_1_50' title='bbox 1551 671 1606 722; x_wconf 91' lang='lat' dir='ltr'>et</span> <span class='ocrx_word' id='word_1_51' title='bbox 1643 669 1807 723; x_wconf 90' lang='lat' dir='ltr'>inter-</span> 
     </span>
     <span class='ocr_line' id='line_1_8' title="bbox 111 741 1808 814; baseline -0.001 -16"><span class='ocrx_word' id='word_1_52' title='bbox 111 744 283 814; x_wconf 87' lang='lat' dir='ltr'>polati</span> <span class='ocrx_word' id='word_1_53' title='bbox 322 744 446 798; x_wconf 87' lang='lat' dir='ltr'>sint.</span> <span class='ocrx_word' id='word_1_54' title='bbox 525 742 776 797; x_wconf 83' lang='lat' dir='ltr'>Ceterum</span> <span class='ocrx_word' id='word_1_55' title='bbox 813 761 880 796; x_wconf 91' lang='lat' dir='ltr'>ne</span> <span class='ocrx_word' id='word_1_56' title='bbox 920 743 979 795; x_wconf 88' lang='lat' dir='ltr'>in</span> <span class='ocrx_word' id='word_1_57' title='bbox 1017 751 1061 795; x_wconf 90' lang='lat' dir='ltr'>P</span> <span class='ocrx_word' id='word_1_58' title='bbox 1110 741 1325 812; x_wconf 88' lang='lat' dir='ltr'>quidem</span> <span class='ocrx_word' id='word_1_59' title='bbox 1372 742 1573 796; x_wconf 90' lang='lat' dir='ltr'>indicia</span> <span class='ocrx_word' id='word_1_60' title='bbox 1617 762 1808 797; x_wconf 90' lang='lat' dir='ltr'>manus</span> 
     </span>
     <span class='ocr_line' id='line_1_9' title="bbox 110 816 1169 887; baseline -0.003 -15"><span class='ocrx_word' id='word_1_61' title='bbox 110 817 429 887; x_wconf 89' lang='lat' dir='ltr'>posterioris</span> <span class='ocrx_word' id='word_1_62' title='bbox 469 817 664 871; x_wconf 85' lang='lat' dir='ltr'>aetatis</span> <span class='ocrx_word' id='word_1_63' title='bbox 702 835 923 886; x_wconf 89' lang='lat' dir='ltr'>prorsus</span> <span class='ocrx_word' id='word_1_64' title='bbox 964 816 1169 870; x_wconf 88' lang='lat' dir='ltr'>desunt.</span> 
     </span>
    </p>

    <p class='ocr_par' dir='ltr' id='par_1_3' title="bbox 106 888 1808 1776">
     <span class='ocr_line' id='line_1_10' title="bbox 260 888 1804 962; baseline 0 -16"><span class='ocrx_word' id='word_1_65' title='bbox 260 890 405 946; x_wconf 83' lang='lat' dir='ltr'>Cod.</span> <span class='ocrx_word' id='word_1_66' title='bbox 429 892 821 962; x_wconf 86' lang='lat' dir='ltr'>Puteaneus‚</span> <span class='ocrx_word' id='word_1_67' title='bbox 860 891 1201 944; x_wconf 83' lang='lat' dir='ltr'>Parisinus</span> <span class='ocrx_word' id='word_1_68' title='bbox 1227 890 1369 944; x_wconf 85' lang='lat'>8051</span> <span class='ocrx_word' id='word_1_69' title='bbox 1390 888 1482 962; x_wconf 86' lang='lat' dir='ltr'>(P)</span> <span class='ocrx_word' id='word_1_70' title='bbox 1509 892 1804 946; x_wconf 86' lang='lat' dir='ltr'>membran.</span> 
     </span>
     <span class='ocr_line' id='line_1_11' title="bbox 109 966 1799 1035; baseline 0.001 -16"><span class='ocrx_word' id='word_1_71' title='bbox 109 967 221 1019; x_wconf 87' lang='lat' dir='ltr'>foll.</span> <span class='ocrx_word' id='word_1_72' title='bbox 261 967 354 1035; x_wconf 83' lang='lat'>65,</span> <span class='ocrx_word' id='word_1_73' title='bbox 401 985 538 1020; x_wconf 88' lang='lat' dir='ltr'>saec.</span> <span class='ocrx_word' id='word_1_74' title='bbox 578 966 784 1019; x_wconf 88' lang='lat' dir='ltr'>decimo</span> <span class='ocrx_word' id='word_1_75' title='bbox 831 968 1106 1034; x_wconf 82' lang='lat' dir='ltr'>exaratuS‚</span> <span class='ocrx_word' id='word_1_76' title='bbox 1150 966 1259 1018; x_wconf 91' lang='lat' dir='ltr'>iam</span> <span class='ocrx_word' id='word_1_77' title='bbox 1299 968 1360 1018; x_wconf 91' lang='lat' dir='ltr'>ut</span> <span class='ocrx_word' id='word_1_78' title='bbox 1399 984 1563 1034; x_wconf 92' lang='lat' dir='ltr'>supra</span> <span class='ocrx_word' id='word_1_79' title='bbox 1600 984 1799 1020; x_wconf 91' lang='lat' dir='ltr'>memo-</span> 
     </span>
     <span class='ocr_line' id='line_1_12' title="bbox 111 1039 1807 1110; baseline 0 -16"><span class='ocrx_word' id='word_1_80' title='bbox 111 1040 350 1094; x_wconf 83' lang='lat' dir='ltr'>ravimus</span> <span class='ocrx_word' id='word_1_81' title='bbox 390 1059 422 1094; x_wconf 91' lang='lat' dir='ltr'>a</span> <span class='ocrx_word' id='word_1_82' title='bbox 459 1040 860 1110; x_wconf 83' lang='lat' dir='ltr'>Lindenbrogio</span> <span class='ocrx_word' id='word_1_83' title='bbox 903 1039 1179 1093; x_wconf 88' lang='lat' dir='ltr'>adhibitus</span> <span class='ocrx_word' id='word_1_84' title='bbox 1221 1042 1325 1108; x_wconf 87' lang='lat' dir='ltr'>est,</span> <span class='ocrx_word' id='word_1_85' title='bbox 1364 1040 1456 1109; x_wconf 93' lang='lat' dir='ltr'>qui</span> <span class='ocrx_word' id='word_1_86' title='bbox 1496 1059 1619 1093; x_wconf 87' lang='lat' dir='ltr'>eum</span> <span class='ocrx_word' id='word_1_87' title='bbox 1657 1041 1807 1094; x_wconf 90' lang='lat' dir='ltr'>boni-</span> 
     </span>
     <span class='ocr_line' id='line_1_13' title="bbox 111 1114 1807 1185; baseline 0 -17"><span class='ocrx_word' id='word_1_88' title='bbox 111 1117 224 1168; x_wconf 88' lang='lat' dir='ltr'>tate</span> <span class='ocrx_word' id='word_1_89' title='bbox 265 1117 319 1168; x_wconf 90' lang='lat' dir='ltr'>et</span> <span class='ocrx_word' id='word_1_90' title='bbox 357 1115 683 1185; x_wconf 74' lang='lat' dir='ltr'>antiquitate</span> <span class='ocrx_word' id='word_1_91' title='bbox 721 1115 941 1183; x_wconf 90' lang='lat' dir='ltr'>reliquis</span> <span class='ocrx_word' id='word_1_92' title='bbox 979 1117 1254 1184; x_wconf 86' lang='lat' dir='ltr'>praestare</span> <span class='ocrx_word' id='word_1_93' title='bbox 1293 1132 1415 1167; x_wconf 90' lang='lat' dir='ltr'>cum</span> <span class='ocrx_word' id='word_1_94' title='bbox 1456 1114 1575 1167; x_wconf 90' lang='lat' dir='ltr'>aliis</span> <span class='ocrx_word' id='word_1_95' title='bbox 1625 1133 1689 1168; x_wconf 89' lang='lat' dir='ltr'>ex</span> <span class='ocrx_word' id='word_1_96' title='bbox 1727 1133 1807 1168; x_wconf 91' lang='lat' dir='ltr'>re-</span> 
     </span>
     <span class='ocr_line' id='line_1_14' title="bbox 108 1188 1807 1258; baseline 0 -16"><span class='ocrx_word' id='word_1_97' title='bbox 108 1189 209 1242; x_wconf 90' lang='lat' dir='ltr'>bus</span> <span class='ocrx_word' id='word_1_98' title='bbox 263 1192 381 1242; x_wconf 92' lang='lat' dir='ltr'>tum</span> <span class='ocrx_word' id='word_1_99' title='bbox 436 1207 501 1243; x_wconf 86' lang='lat' dir='ltr'>ex</span> <span class='ocrx_word' id='word_1_100' title='bbox 556 1189 953 1258; x_wconf 84' lang='lat' dir='ltr'>subscriptione</span> <span class='ocrx_word' id='word_1_101' title='bbox 1009 1188 1306 1243; x_wconf 88' lang='lat' dir='ltr'>rectissime</span> <span class='ocrx_word' id='word_1_102' title='bbox 1361 1188 1609 1258; x_wconf 86' lang='lat' dir='ltr'>coniecit,</span> <span class='ocrx_word' id='word_1_103' title='bbox 1671 1207 1807 1258; x_wconf 93' lang='lat' dir='ltr'>quae</span> 
     </span>
     <span class='ocr_line' id='line_1_15' title="bbox 106 1260 1803 1333; baseline 0 -18"><span class='ocrx_word' id='word_1_104' title='bbox 106 1263 164 1316; x_wconf 91' lang='lat' dir='ltr'>in</span> <span class='ocrx_word' id='word_1_105' title='bbox 222 1263 327 1316; x_wconf 88' lang='lat' dir='ltr'>fine</span> <span class='ocrx_word' id='word_1_106' title='bbox 387 1263 512 1317; x_wconf 90' lang='lat' dir='ltr'>libri</span> <span class='ocrx_word' id='word_1_107' title='bbox 566 1264 745 1333; x_wconf 90' lang='lat' dir='ltr'>quarti</span> <span class='ocrx_word' id='word_1_108' title='bbox 807 1262 1113 1316; x_wconf 87' lang='lat' dir='ltr'>Thebaidos</span> <span class='ocrx_word' id='word_1_109' title='bbox 1176 1264 1375 1316; x_wconf 90' lang='lat' dir='ltr'>exstat:</span> <span class='ocrx_word' id='word_1_110' title='bbox 1438 1260 1650 1316; x_wconf 80' lang='lat' dir='ltr'>Codex</span> <span class='ocrx_word' id='word_1_111' title='bbox 1702 1262 1803 1315; x_wconf 91' lang='lat' dir='ltr'>Iu-</span> 
     </span>
     <span class='ocr_line' id='line_1_16' title="bbox 107 1334 1804 1407; baseline 0.001 -18"><span class='ocrx_word' id='word_1_112' title='bbox 107 1337 269 1392; x_wconf 87' lang='lat' dir='ltr'>liani</span> <span class='ocrx_word' id='word_1_113' title='bbox 307 1336 404 1392; x_wconf 86' lang='lat' dir='ltr'>VC</span> <span class='ocrx_word' id='word_1_114' title='bbox 458 1335 514 1407; x_wconf 90' lang='lat' dir='ltr'>(i.</span> <span class='ocrx_word' id='word_1_115' title='bbox 563 1356 605 1390; x_wconf 92' lang='lat' dir='ltr'>e.</span> <span class='ocrx_word' id='word_1_116' title='bbox 660 1337 760 1390; x_wconf 89' lang='lat' dir='ltr'>viri</span> <span class='ocrx_word' id='word_1_117' title='bbox 825 1334 1154 1407; x_wconf 85' lang='lat' dir='ltr'>clarissimi).</span> <span class='ocrx_word' id='word_1_118' title='bbox 1244 1334 1498 1390; x_wconf 83' lang='lat' dir='ltr'>Codieem</span> <span class='ocrx_word' id='word_1_119' title='bbox 1562 1337 1804 1390; x_wconf 90' lang='lat' dir='ltr'>omnium</span> 
     </span>
     <span class='ocr_line' id='line_1_17' title="bbox 108 1410 1808 1480; baseline 0 -16"><span class='ocrx_word' id='word_1_120' title='bbox 108 1411 400 1465; x_wconf 83' lang='lat' dir='ltr'>maximam</span> <span class='ocrx_word' id='word_1_121' title='bbox 438 1412 548 1464; x_wconf 93' lang='lat' dir='ltr'>vim</span> <span class='ocrx_word' id='word_1_122' title='bbox 594 1415 756 1480; x_wconf 88' lang='lat' dir='ltr'>atque</span> <span class='ocrx_word' id='word_1_123' title='bbox 804 1411 1180 1464; x_wconf 82' lang='lat' dir='ltr'>auctoritatem</span> <span class='ocrx_word' id='word_1_124' title='bbox 1232 1410 1433 1464; x_wconf 88' lang='lat' dir='ltr'>habere</span> <span class='ocrx_word' id='word_1_125' title='bbox 1474 1429 1595 1463; x_wconf 93' lang='lat' dir='ltr'>cum</span> <span class='ocrx_word' id='word_1_126' title='bbox 1633 1412 1808 1464; x_wconf 89' lang='lat' dir='ltr'>mani-</span> 
     </span>
     <span class='ocr_line' id='line_1_18' title="bbox 107 1483 1807 1554; baseline 0.001 -18"><span class='ocrx_word' id='word_1_127' title='bbox 107 1483 307 1538; x_wconf 87' lang='lat' dir='ltr'>festum</span> <span class='ocrx_word' id='word_1_128' title='bbox 362 1485 455 1554; x_wconf 89' lang='lat' dir='ltr'>sit,</span> <span class='ocrx_word' id='word_1_129' title='bbox 514 1485 574 1536; x_wconf 91' lang='lat' dir='ltr'>in</span> <span class='ocrx_word' id='word_1_130' title='bbox 626 1485 947 1538; x_wconf 89' lang='lat' dir='ltr'>lectionibus</span> <span class='ocrx_word' id='word_1_131' title='bbox 1002 1485 1115 1538; x_wconf 88' lang='lat' dir='ltr'>eius</span> <span class='ocrx_word' id='word_1_132' title='bbox 1169 1484 1532 1538; x_wconf 86' lang='lat' dir='ltr'>describendis</span> <span class='ocrx_word' id='word_1_133' title='bbox 1588 1485 1656 1537; x_wconf 89' lang='lat' dir='ltr'>ad</span> <span class='ocrx_word' id='word_1_134' title='bbox 1710 1486 1807 1537; x_wconf 91' lang='lat' dir='ltr'>mi-</span> 
     </span>
     <span class='ocr_line' id='line_1_19' title="bbox 106 1557 1805 1628; baseline 0 -18"><span class='ocrx_word' id='word_1_135' title='bbox 106 1558 289 1611; x_wconf 90' lang='lat' dir='ltr'>nutias</span> <span class='ocrx_word' id='word_1_136' title='bbox 337 1559 422 1612; x_wconf 91' lang='lat' dir='ltr'>vel</span> <span class='ocrx_word' id='word_1_137' title='bbox 478 1558 928 1628; x_wconf 83' lang='lat' dir='ltr'>orthographicas</span> <span class='ocrx_word' id='word_1_138' title='bbox 975 1558 1293 1612; x_wconf 87' lang='lat' dir='ltr'>descendere</span> <span class='ocrx_word' id='word_1_139' title='bbox 1347 1557 1492 1611; x_wconf 87' lang='lat' dir='ltr'>haud</span> <span class='ocrx_word' id='word_1_140' title='bbox 1546 1558 1805 1628; x_wconf 85' lang='lat' dir='ltr'>dubitavi,</span> 
     </span>
     <span class='ocr_line' id='line_1_20' title="bbox 106 1631 1804 1701; baseline 0.001 -16"><span class='ocrx_word' id='word_1_141' title='bbox 106 1631 161 1685; x_wconf 89' lang='lat' dir='ltr'>id</span> <span class='ocrx_word' id='word_1_142' title='bbox 215 1632 359 1700; x_wconf 90' lang='lat' dir='ltr'>quod</span> <span class='ocrx_word' id='word_1_143' title='bbox 411 1632 478 1685; x_wconf 89' lang='lat' dir='ltr'>ab</span> <span class='ocrx_word' id='word_1_144' title='bbox 534 1632 656 1700; x_wconf 93' lang='lat' dir='ltr'>ipsa</span> <span class='ocrx_word' id='word_1_145' title='bbox 707 1632 957 1686; x_wconf 85' lang='lat' dir='ltr'>editionis</span> <span class='ocrx_word' id='word_1_146' title='bbox 1014 1632 1222 1686; x_wconf 84' lang='lat' dir='ltr'>ratione</span> <span class='ocrx_word' id='word_1_147' title='bbox 1255 1632 1497 1701; x_wconf 89' lang='lat' dir='ltr'>paulum</span> <span class='ocrx_word' id='word_1_148' title='bbox 1551 1631 1804 1687; x_wconf 90' lang='lat' dir='ltr'>discedat.</span> 
     </span>
     <span class='ocr_line' id='line_1_21' title="bbox 108 1705 1806 1776; baseline 0 -17"><span class='ocrx_word' id='word_1_149' title='bbox 108 1705 374 1768; x_wconf 78' lang='lat' dir='ltr'>Quoniam</span> <span class='ocrx_word' id='word_1_150' title='bbox 398 1714 442 1759; x_wconf 93' lang='lat' dir='ltr'>P</span> <span class='ocrx_word' id='word_1_151' title='bbox 483 1706 839 1759; x_wconf 87' lang='lat' dir='ltr'>certissimum</span> <span class='ocrx_word' id='word_1_152' title='bbox 871 1706 1060 1760; x_wconf 90' lang='lat' dir='ltr'>ducem</span> <span class='ocrx_word' id='word_1_153' title='bbox 1093 1724 1150 1759; x_wconf 87' lang='lat' dir='ltr'>se</span> <span class='ocrx_word' id='word_1_154' title='bbox 1181 1705 1452 1776; x_wconf 87' lang='lat' dir='ltr'>praebuit,</span> <span class='ocrx_word' id='word_1_155' title='bbox 1489 1723 1599 1759; x_wconf 91' lang='lat' dir='ltr'>non</span> <span class='ocrx_word' id='word_1_156' title='bbox 1632 1707 1806 1760; x_wconf 91' lang='lat' dir='ltr'>solum</span> 
     </span>
    </p>
   </div>
   <div class='ocr_carea' id='block_1_3' title="bbox 0 1779 1804 1850">
    <p class='ocr_par' dir='ltr' id='par_1_4' title="bbox 0 1779 1804 1850">
     <span class='ocr_line' id='line_1_22' title="bbox 0 1779 1804 1850; baseline 0 -16"><span class='ocrx_word' id='word_1_157' title='bbox 0 1780 4 1784; x_wconf 81' lang='grc'><strong>’</strong></span> <span class='ocrx_word' id='word_1_158' title='bbox 107 1780 357 1834; x_wconf 89' lang='lat' dir='ltr'>omnibus</span> <span class='ocrx_word' id='word_1_159' title='bbox 411 1780 545 1833; x_wconf 89' lang='lat' dir='ltr'>locis</span> <span class='ocrx_word' id='word_1_160' title='bbox 602 1780 795 1849; x_wconf 90' lang='lat' dir='ltr'>quibus</span> <span class='ocrx_word' id='word_1_161' title='bbox 858 1798 978 1834; x_wconf 93' lang='lat' dir='ltr'>cum</span> <span class='ocrx_word' id='word_1_162' title='bbox 1036 1780 1244 1833; x_wconf 90' lang='lat' dir='ltr'>duobus</span> <span class='ocrx_word' id='word_1_163' title='bbox 1301 1779 1538 1834; x_wconf 87' lang='lat' dir='ltr'>eiusdem</span> <span class='ocrx_word' id='word_1_164' title='bbox 1592 1781 1804 1850; x_wconf 84' lang='lat' dir='ltr'>generis</span> 
     </span>
    </p>
   </div>
   <div class='ocr_carea' id='block_1_4' title="bbox 103 1853 1805 2589">
    <p class='ocr_par' dir='ltr' id='par_1_5' title="bbox 105 1853 1805 2145">
     <span class='ocr_line' id='line_1_23' title="bbox 108 1853 1805 1924; baseline 0.001 -19"><span class='ocrx_word' id='word_1_165' title='bbox 108 1853 380 1907; x_wconf 90' lang='lat' dir='ltr'>codicibus</span> <span class='ocrx_word' id='word_1_166' title='bbox 421 1855 710 1918; x_wconf 88' lang='lat' dir='ltr'>consentit,</span> <span class='ocrx_word' id='word_1_167' title='bbox 757 1855 994 1924; x_wconf 86' lang='lat' dir='ltr'>exceptis</span> <span class='ocrx_word' id='word_1_168' title='bbox 1034 1854 1339 1924; x_wconf 85' lang='lat' dir='ltr'>perpaucis,</span> <span class='ocrx_word' id='word_1_169' title='bbox 1385 1853 1644 1907; x_wconf 89' lang='lat' dir='ltr'>lectiones</span> <span class='ocrx_word' id='word_1_170' title='bbox 1691 1855 1805 1907; x_wconf 90' lang='lat' dir='ltr'>eius</span> 
     </span>
     <span class='ocr_line' id='line_1_24' title="bbox 105 1927 1802 1997; baseline 0.002 -18"><span class='ocrx_word' id='word_1_171' title='bbox 105 1927 191 1979; x_wconf 87' lang='lat' dir='ltr'>vel</span> <span class='ocrx_word' id='word_1_172' title='bbox 227 1927 404 1996; x_wconf 89' lang='lat' dir='ltr'>recepi</span> <span class='ocrx_word' id='word_1_173' title='bbox 442 1928 526 1980; x_wconf 91' lang='lat' dir='ltr'>vel</span> <span class='ocrx_word' id='word_1_174' title='bbox 567 1928 901 1997; x_wconf 83' lang='lat' dir='ltr'>conservavi,</span> <span class='ocrx_word' id='word_1_175' title='bbox 948 1929 1041 1981; x_wconf 89' lang='lat' dir='ltr'>sed</span> <span class='ocrx_word' id='word_1_176' title='bbox 1080 1928 1247 1981; x_wconf 85' lang='lat' dir='ltr'>etiam</span> <span class='ocrx_word' id='word_1_177' title='bbox 1295 1929 1372 1980; x_wconf 90' lang='lat' dir='ltr'>eis</span> <span class='ocrx_word' id='word_1_178' title='bbox 1419 1928 1579 1997; x_wconf 77' lang='lat' dir='ltr'>lociS‚</span> <span class='ocrx_word' id='word_1_179' title='bbox 1625 1928 1720 1982; x_wconf 90' lang='lat' dir='ltr'>ubi</span> <span class='ocrx_word' id='word_1_180' title='bbox 1758 1937 1802 1982; x_wconf 87' lang='lat' dir='ltr'>P</span> 
     </span>
     <span class='ocr_line' id='line_1_25' title="bbox 106 2001 1800 2071; baseline 0.002 -19"><span class='ocrx_word' id='word_1_181' title='bbox 106 2001 253 2053; x_wconf 88' lang='lat' dir='ltr'>solus</span> <span class='ocrx_word' id='word_1_182' title='bbox 292 2001 571 2055; x_wconf 87' lang='lat' dir='ltr'>meliorem</span> <span class='ocrx_word' id='word_1_183' title='bbox 609 2001 897 2054; x_wconf 90' lang='lat' dir='ltr'>lectionem</span> <span class='ocrx_word' id='word_1_184' title='bbox 939 2002 1176 2071; x_wconf 86' lang='lat' dir='ltr'>exhibet,</span> <span class='ocrx_word' id='word_1_185' title='bbox 1214 2002 1528 2070; x_wconf 91' lang='lat' dir='ltr'>plerumque</span> <span class='ocrx_word' id='word_1_186' title='bbox 1569 2003 1800 2055; x_wconf 88' lang='lat' dir='ltr'>auctori·</span> 
     </span>
     <span class='ocr_line' id='line_1_26' title="bbox 105 2072 932 2145; baseline 0.002 -19"><span class='ocrx_word' id='word_1_187' title='bbox 105 2077 272 2127; x_wconf 86' lang='lat' dir='ltr'>tatem</span> <span class='ocrx_word' id='word_1_188' title='bbox 312 2075 456 2128; x_wconf 92' lang='lat' dir='ltr'>illius</span> <span class='ocrx_word' id='word_1_189' title='bbox 497 2078 711 2129; x_wconf 89' lang='lat' dir='ltr'>secutus</span> <span class='ocrx_word' id='word_1_190' title='bbox 752 2072 932 2145; x_wconf 81' lang='lat' dir='ltr'>sum.3)</span> 
     </span>
    </p>

    <p class='ocr_par' dir='ltr' id='par_1_6' title="bbox 103 2146 1801 2589">
     <span class='ocr_line' id='line_1_27' title="bbox 254 2146 1799 2224; baseline 0.003 -23"><span class='ocrx_word' id='word_1_191' title='bbox 254 2146 396 2202; x_wconf 84' lang='lat' dir='ltr'>God.</span> <span class='ocrx_word' id='word_1_192' title='bbox 462 2148 794 2203; x_wconf 89' lang='lat' dir='ltr'>Parisinus</span> <span class='ocrx_word' id='word_1_193' title='bbox 872 2150 1048 2203; x_wconf 84' lang='lat'>10317</span> <span class='ocrx_word' id='word_1_194' title='bbox 1118 2147 1357 2220; x_wconf 82' lang='lat' dir='ltr'>(Suppl.</span> <span class='ocrx_word' id='word_1_195' title='bbox 1391 2148 1591 2224; x_wconf 62' lang='lat' dir='ltr'>u1670)</span> <span class='ocrx_word' id='word_1_196' title='bbox 1649 2148 1799 2221; x_wconf 83' lang='lat' dir='ltr'>(Pe),</span> 
     </span>
     <span class='ocr_line' id='line_1_28' title="bbox 106 2223 1801 2294; baseline 0.001 -18"><span class='ocrx_word' id='word_1_197' title='bbox 106 2240 266 2292; x_wconf 87' lang='lat' dir='ltr'>quem</span> <span class='ocrx_word' id='word_1_198' title='bbox 322 2226 446 2276; x_wconf 83' lang='lat' dir='ltr'>ante</span> <span class='ocrx_word' id='word_1_199' title='bbox 500 2242 586 2276; x_wconf 90' lang='lat' dir='ltr'>me</span> <span class='ocrx_word' id='word_1_200' title='bbox 643 2224 786 2294; x_wconf 90' lang='lat' dir='ltr'>quod</span> <span class='ocrx_word' id='word_1_201' title='bbox 841 2223 1007 2276; x_wconf 89' lang='lat' dir='ltr'>sciam</span> <span class='ocrx_word' id='word_1_202' title='bbox 1054 2242 1213 2277; x_wconf 89' lang='lat' dir='ltr'>nemo</span> <span class='ocrx_word' id='word_1_203' title='bbox 1267 2242 1507 2292; x_wconf 89' lang='lat' dir='ltr'>unquam</span> <span class='ocrx_word' id='word_1_204' title='bbox 1549 2225 1801 2292; x_wconf 87' lang='lat' dir='ltr'>excussit,</span> 
     </span>
     <span class='ocr_line' id='line_1_29' title="bbox 104 2296 1798 2367; baseline 0.002 -19"><span class='ocrx_word' id='word_1_205' title='bbox 104 2296 421 2365; x_wconf 66' lang='lat' dir='ltr'>membran„</span> <span class='ocrx_word' id='word_1_206' title='bbox 460 2315 596 2350; x_wconf 87' lang='lat' dir='ltr'>saec.</span> <span class='ocrx_word' id='word_1_207' title='bbox 636 2298 863 2365; x_wconf 89' lang='lat' dir='ltr'>decimo,</span> <span class='ocrx_word' id='word_1_208' title='bbox 905 2300 1165 2366; x_wconf 89' lang='lat' dir='ltr'>quantum</span> <span class='ocrx_word' id='word_1_209' title='bbox 1206 2298 1311 2350; x_wconf 90' lang='lat' dir='ltr'>mei</span> <span class='ocrx_word' id='word_1_210' title='bbox 1349 2298 1534 2351; x_wconf 89' lang='lat' dir='ltr'>iudicii</span> <span class='ocrx_word' id='word_1_211' title='bbox 1574 2302 1672 2367; x_wconf 89' lang='lat' dir='ltr'>est,</span> <span class='ocrx_word' id='word_1_212' title='bbox 1710 2300 1798 2351; x_wconf 92' lang='lat' dir='ltr'>vel</span> 
     </span>
     <span class='ocr_line' id='line_1_30' title="bbox 103 2370 1798 2440; baseline 0.002 -18"><span class='ocrx_word' id='word_1_213' title='bbox 103 2370 387 2423; x_wconf 89' lang='lat' dir='ltr'>undecimo</span> <span class='ocrx_word' id='word_1_214' title='bbox 447 2375 721 2440; x_wconf 89' lang='lat' dir='ltr'>exaratus,</span> <span class='ocrx_word' id='word_1_215' title='bbox 781 2372 1024 2424; x_wconf 84' lang='lat' dir='ltr'>continet</span> <span class='ocrx_word' id='word_1_216' title='bbox 1082 2372 1198 2424; x_wconf 88' lang='lat' dir='ltr'>foll.</span> <span class='ocrx_word' id='word_1_217' title='bbox 1250 2371 1353 2425; x_wconf 80' lang='lat'>182</span> <span class='ocrx_word' id='word_1_218' title='bbox 1408 2372 1686 2426; x_wconf 86' lang='lat' dir='ltr'>Thebaida</span> <span class='ocrx_word' id='word_1_219' title='bbox 1743 2377 1798 2426; x_wconf 89' lang='lat' dir='ltr'>et</span> 
     </span>
     <span class='ocr_line' id='line_1_31' title="bbox 104 2442 1795 2501; baseline 0.003 -7"><span class='ocrx_word' id='word_1_220' title='bbox 104 2442 422 2501; x_wconf 87' lang='lat' dir='ltr'>Achilleida.</span> <span class='ocrx_word' id='word_1_221' title='bbox 498 2445 705 2499; x_wconf 84' lang='lat' dir='ltr'>Eadem</span> <span class='ocrx_word' id='word_1_222' title='bbox 743 2463 934 2498; x_wconf 91' lang='lat' dir='ltr'>manus</span> <span class='ocrx_word' id='word_1_223' title='bbox 976 2463 1112 2499; x_wconf 87' lang='lat' dir='ltr'>saec.</span> <span class='ocrx_word' id='word_1_224' title='bbox 1152 2445 1452 2499; x_wconf 85' lang='lat' dir='ltr'>duodecimi</span> <span class='ocrx_word' id='word_1_225' title='bbox 1491 2447 1576 2499; x_wconf 89' lang='lat' dir='ltr'>vel</span> <span class='ocrx_word' id='word_1_226' title='bbox 1614 2464 1795 2499; x_wconf 91' lang='lat' dir='ltr'>recen-</span> 
     </span>
     <span class='ocr_line' id='line_1_32' title="bbox 104 2515 1797 2589; baseline 0.003 -21"><span class='ocrx_word' id='word_1_227' title='bbox 104 2515 261 2570; x_wconf 89' lang='lat' dir='ltr'>tioris</span> <span class='ocrx_word' id='word_1_228' title='bbox 316 2518 534 2588; x_wconf 80' lang='lat' dir='ltr'>aetatis,</span> <span class='ocrx_word' id='word_1_229' title='bbox 596 2537 732 2589; x_wconf 88' lang='lat' dir='ltr'>quae</span> <span class='ocrx_word' id='word_1_230' title='bbox 785 2537 970 2573; x_wconf 86' lang='lat' dir='ltr'>versus</span> <span class='ocrx_word' id='word_1_231' title='bbox 1022 2519 1146 2572; x_wconf 90' lang='lat' dir='ltr'>libri</span> <span class='ocrx_word' id='word_1_232' title='bbox 1199 2520 1358 2588; x_wconf 89' lang='lat' dir='ltr'>primi</span> <span class='ocrx_word' id='word_1_233' title='bbox 1413 2520 1708 2574; x_wconf 77' lang='lat'>529—662</span> <span class='ocrx_word' id='word_1_234' title='bbox 1764 2539 1797 2573; x_wconf 89' lang='grc'><strong>3</strong></span> 
     </span>
    </p>
   </div>
   <div class='ocr_carea' id='block_1_5' title="bbox 0 2590 1796 2662">
    <p class='ocr_par' dir='ltr' id='par_1_7' title="bbox 0 2590 1796 2662">
     <span class='ocr_line' id='line_1_33' title="bbox 0 2590 1796 2662; baseline 0.003 -20"><span class='ocrx_word' id='word_1_235' title='bbox 0 2609 6 2617; x_wconf 87' lang='lat'>··</span> <span class='ocrx_word' id='word_1_236' title='bbox 103 2590 280 2659; x_wconf 91' lang='lat' dir='ltr'>prima</span> <span class='ocrx_word' id='word_1_237' title='bbox 302 2609 466 2645; x_wconf 89' lang='lat' dir='ltr'>manu</span> <span class='ocrx_word' id='word_1_238' title='bbox 506 2594 734 2646; x_wconf 89' lang='lat' dir='ltr'>omissos</span> <span class='ocrx_word' id='word_1_239' title='bbox 758 2593 1032 2662; x_wconf 87' lang='lat' dir='ltr'>ascripsit,</span> <span class='ocrx_word' id='word_1_240' title='bbox 1070 2593 1235 2646; x_wconf 89' lang='lat' dir='ltr'>finem</span> <span class='ocrx_word' id='word_1_241' title='bbox 1273 2593 1398 2647; x_wconf 91' lang='lat' dir='ltr'>libri</span> <span class='ocrx_word' id='word_1_242' title='bbox 1429 2593 1649 2647; x_wconf 89' lang='lat' dir='ltr'>secundi</span> <span class='ocrx_word' id='word_1_243' title='bbox 1672 2594 1796 2647; x_wconf 88' lang='lat' dir='ltr'>inde</span> 
     </span>
    </p>
   </div>
   <div class='ocr_carea' id='block_1_6' title="bbox 0 2665 1795 2738">
    <p class='ocr_par' dir='ltr' id='par_1_8' title="bbox 0 2665 1795 2738">
     <span class='ocr_line' id='line_1_34' title="bbox 0 2665 1795 2738; baseline 0.003 -23"><span class='ocrx_word' id='word_1_244' title='bbox 0 2705 4 2716; x_wconf 86' lang='lat'>.</span> <span class='ocrx_word' id='word_1_245' title='bbox 107 2681 139 2715; x_wconf 90' lang='grc'><strong>3</strong></span> <span class='ocrx_word' id='word_1_246' title='bbox 177 2682 337 2717; x_wconf 83' lang='lat' dir='ltr'>versu</span> <span class='ocrx_word' id='word_1_247' title='bbox 382 2665 489 2718; x_wconf 85' lang='lat'>150</span> <span class='ocrx_word' id='word_1_248' title='bbox 528 2667 813 2736; x_wconf 88' lang='lat' dir='ltr'>supplevit.</span> <span class='ocrx_word' id='word_1_249' title='bbox 893 2665 997 2735; x_wconf 87' lang='lat' dir='ltr'>(Cf.</span> <span class='ocrx_word' id='word_1_250' title='bbox 1036 2666 1232 2720; x_wconf 92' lang='lat' dir='ltr'>Philol.</span> <span class='ocrx_word' id='word_1_251' title='bbox 1268 2667 1506 2720; x_wconf 91' lang='lat' dir='ltr'>XXXIII</span> <span class='ocrx_word' id='word_1_252' title='bbox 1550 2668 1654 2721; x_wconf 88' lang='lat'>130</span> <span class='ocrx_word' id='word_1_253' title='bbox 1694 2667 1795 2738; x_wconf 88' lang='lat' dir='ltr'>sq.)</span> 
     </span>
    </p>
   </div>
   <div class='ocr_carea' id='block_1_7' title="bbox 0 2838 1796 2956">
    <p class='ocr_par' dir='ltr' id='par_1_9' title="bbox 0 2838 1796 2956">
     <span class='ocr_line' id='line_1_35' title="bbox 0 2838 1796 2896; baseline 0.003 -13"><span class='ocrx_word' id='word_1_254' title='bbox 0 2866 4 2894; x_wconf 49' lang='grc' dir='ltr'>ς</span> <span class='ocrx_word' id='word_1_255' title='bbox 225 2841 268 2891; x_wconf 81' lang='lat'>3)</span> <span class='ocrx_word' id='word_1_256' title='bbox 301 2838 368 2884; x_wconf 80' lang='lat' dir='ltr'>cf.</span> <span class='ocrx_word' id='word_1_257' title='bbox 411 2853 530 2896; x_wconf 86' lang='lat' dir='ltr'>quae</span> <span class='ocrx_word' id='word_1_258' title='bbox 572 2840 630 2884; x_wconf 84' lang='lat' dir='ltr'>de</span> <span class='ocrx_word' id='word_1_259' title='bbox 669 2841 759 2886; x_wconf 87' lang='lat' dir='ltr'>hoc</span> <span class='ocrx_word' id='word_1_260' title='bbox 799 2841 959 2887; x_wconf 87' lang='lat' dir='ltr'>codice</span> <span class='ocrx_word' id='word_1_261' title='bbox 1000 2841 1262 2888; x_wconf 83' lang='lat' dir='ltr'>accuratius</span> <span class='ocrx_word' id='word_1_262' title='bbox 1300 2841 1499 2887; x_wconf 87' lang='lat' dir='ltr'>disserui</span> <span class='ocrx_word' id='word_1_263' title='bbox 1537 2841 1586 2887; x_wconf 88' lang='lat' dir='ltr'>in</span> <span class='ocrx_word' id='word_1_264' title='bbox 1627 2841 1796 2888; x_wconf 88' lang='lat' dir='ltr'>Philol.</span> 
     </span>
     <span class='ocr_line' id='line_1_36' title="bbox 0 2896 628 2956; baseline 0.008 -17"><span class='ocrx_word' id='word_1_265' title='bbox 0 2901 3 2930; x_wconf 63' lang='lat'>³</span> <span class='ocrx_word' id='word_1_266' title='bbox 102 2896 297 2944; x_wconf 88' lang='lat' dir='ltr'>XXXIV</span> <span class='ocrx_word' id='word_1_267' title='bbox 328 2913 373 2956; x_wconf 90' lang='lat' dir='ltr'>p.</span> <span class='ocrx_word' id='word_1_268' title='bbox 406 2904 494 2943; x_wconf 84' lang='lat'>474</span> <span class='ocrx_word' id='word_1_269' title='bbox 527 2914 628 2956; x_wconf 86' lang='lat' dir='ltr'>sqq.</span> 
     </span>
    </p>
   </div>
  </div>
 </body>
</html>
