2008 3198
201 180 286 224 XII
712 176 997 223 EDITORIS
1029 178 1385 224 PRAEFATIO.

200 305 257 354 et
304 302 562 355 coenobio
610 299 956 371 Hasungensi
1004 301 1235 354 donatus
1284 301 1352 354 ab
1392 301 1634 356 Aribone
1671 302 1892 374 NoriCO,

197 375 602 445 archiepiscopo
634 374 957 460 Moguntino
990 375 1053 446 (†
1080 374 1262 444 1031),
1302 379 1516 430 constat
1546 377 1693 432 foliis
1725 396 1891 435 mem-

204 450 422 503 braneis
446 450 652 503 formae
676 450 898 502 maioris
919 450 1024 502 162
1050 452 1104 502 613
1127 448 1540 518 diligentissime
1562 451 1640 505 ita
1657 452 1891 521 scriptus

202 527 300 592 est,
332 526 394 576 ut
425 523 482 575 in
515 523 702 592 quavis
735 523 937 593 pagina
968 523 1126 575 lineis
1160 523 1451 576 distributa
1482 542 1668 579 versus
1698 524 1892 580 triceni

200 598 470 667 legantur.
546 596 743 651 Manus
793 598 1086 651 correctrix
1132 598 1245 650 eius
1295 599 1387 667 qui
1435 598 1670 652 codicem
1713 603 1892 654 trans-

200 672 421 741 scripsit
451 690 574 725 raro
608 674 847 740 apparet,
887 672 1102 740 saepius
1135 672 1357 726 alterius
1390 676 1444 725 et
1472 673 1562 727 hic
1599 674 1715 728 illic
1744 675 1915 730 tertii

196 746 292 814 qui
332 763 542 799 errores
583 746 1017 799 emendaverunt.
1077 744 1334 799 Continet
1365 750 1548 800 autem
1579 750 1892 805 contextum

195 819 502 873 Thebaidos
557 821 829 889 integrum
877 822 961 872 et
975 821 1034 872 in
1080 821 1326 889 margine
1374 822 1442 874 ab
1490 821 1675 875 eadem
1725 840 1891 876 manu

194 894 456 963 scriptam
495 895 819 962 particulam
858 894 1233 948 commentarii
1271 893 1616 949 Lactantiani
1653 897 1711 949 in
1750 896 1887 949 The-

197 968 357 1021 baida
395 967 423 1020 I
463 969 569 1022 696
599 999 662 1006 -
690 967 746 1021 II
783 968 869 1021 93.

343 1042 425 1095 De
491 1043 619 1095 cod.
673 1042 974 1095 Parisino
1023 1043 1167 1097 8052
1213 1062 1281 1111 p,
1343 1042 1646 1098 Leidensi
1701 1042 1888 1113 (Bibl.

194 1115 375 1169 Publ.
413 1116 546 1169 Lat.
585 1115 773 1169 XVIII
815 1117 920 1169 136
960 1115 1057 1188 K),
1105 1116 1398 1170 Gudiano
1439 1119 1511 1170 52
1551 1126 1622 1186 G,
1669 1118 1886 1171 Helm-

196 1190 519 1243 stadiensi
558 1191 664 1243 319
705 1191 740 1243 b
787 1199 842 1243 H
881 1209 1001 1243 cum
1042 1192 1148 1243 iam
1198 1192 1498 1245 accuratius
1548 1191 1885 1262 exposuerim

195 1264 252 1316 in
290 1264 458 1333 praef.
493 1264 559 1316 ad
591 1263 787 1318 Achill.
819 1283 870 1333 p.
894 1264 958 1317 X.
989 1264 1109 1333 XII,
1142 1283 1284 1318 nunc
1317 1266 1451 1318 satis
1483 1265 1658 1319 habeo
1698 1266 1886 1319 confir-

189 1338 1495 1481 riissssfizifflulss‘c'lffisstss‘ssi'onffflssvi3323&
1509 1339 1889 1468 (313ῗίῗὲΞέ

191 1486 408 1539 nensis
444 1495 509 1555 ¹1¹,
549 1487 787 1540 incertae
821 1487 1030 1556 aetatis,
1070 1487 1219 1540 cuius
1259 1487 1436 1540 varias
1469 1488 1728 1541 lectiones
1768 1487 1886 1541 dili-

194 1563 386 1629 genter
425 1560 707 1629 descripsit
743 1560 799 1614 F.
832 1560 897 1613 A.
928 1561 1176 1614 Menkius
1217 1580 1281 1613 ex
1320 1560 1618 1614 Burmanni
1658 1560 1888 1615 Secundi

188 1634 436 1703 exemplo
479 1634 730 1687 editionis
770 1634 1276 1704 Lindenbrogianae
1318 1633 1485 1704 (quod
1524 1653 1664 1688 nunc
1711 1635 1769 1688 in
1808 1635 1886 1688 bi-

190 1708 465 1761 bliotheca
497 1709 730 1761 academ.
765 1707 1007 1778 Gotting.
1045 1709 1396 1776 adservatur),
1430 1709 1520 1777 qui
1553 1726 1643 1762 eas
1676 1726 1740 1762 ex
1773 1709 1883 1762 edi-

189 1781 338 1834 tione
373 1780 735 1851 Gronoviana,
775 1782 841 1834 ad
882 1783 1032 1835 cuius
1073 1783 1373 1853 marginem
1411 1786 1631 1836 notatae
1669 1781 1886 1837 fuerant

192 1874 223 1907 a
262 1854 544 1925 Dorvillio,
583 1857 940 1909 transtulerat
979 1874 1096 1909 cum
1139 1855 1443 1910 Cassellani
1482 1856 1680 1910 codicis
1711 1857 1882 1910 varie·

189 1932 304 1982 tate
345 1930 412 1982 ad
452 1931 723 1999 exemplar
762 1929 899 1983 illud
938 1930 1421 2001 Tiliobrogianum.

338 2003 687 2057 Enumeratis
728 2004 1018 2072 codicibUS‚
1059 2023 1287 2073 quorum
1334 2005 1656 2058 lectionibus
1697 2008 1758 2059 ut
1795 2005 1884 2058 vel

188 2077 416 2148 integris
470 2078 555 2130 vel
609 2078 901 2131 maximam
955 2083 1167 2148 partem
1221 2083 1401 2132 uterer
1447 2079 1582 2131 mihi
1635 2079 1884 2148 contigit,

188 2152 351 2204 venio
382 2170 524 2205 nunc
557 2152 623 2204 ad
657 2171 748 2205 eos
782 2171 916 2222 quos
950 2153 1062 2206 sive
1095 2152 1163 2206 ad
1197 2153 1437 2222 singulos
1469 2155 1684 2205 tantum
1715 2152 1882 2206 libros

184 2225 495 2278 Thebaidos
545 2226 658 2278 sive
706 2226 773 2278 ad
825 2227 944 2279 loca
998 2227 1210 2296 aliquot
1266 2226 1572 2279 difficiliora
1625 2225 1880 2279 adhibere

187 2299 358 2366 potui.
422 2297 559 2351 Sunt
597 2303 778 2352 autem
818 2300 899 2353 hi:

339 2370 906 2426 Ood.Monacensis
933 2374 1077 2427 6396
1105 2373 1257 2444 (olim
1275 2372 1723 2444 Frisingensis
1747 2371 1876 2444 196)

182 2453 214 2498 f
242 2464 380 2499 saec.
402 2444 481 2516 Χῖ,
515 2448 615 2515 qui·
631 2447 908 2517 Thebaida
933 2466 1053 2500 cum
1084 2448 1303 2501 scholiis
1329 2447 1599 2501 Lactantii
1623 2448 1878 2502 continet.

187 2519 333 2573 Usus
373 2539 492 2573 sum
525 2520 614 2573 hic
646 2517 757 2574 illic
789 2522 1094 2575 conlatione
1132 2540 1163 2574 a
1193 2521 1452 2575 Muellero
1495 2522 1719 2576 editioni
1750 2539 1877 2574 suae

183 2593 403 2647 inserta.

335 2665 605 2721 Codices
639 2666 1022 2722 Behottiani
1056 2667 1225 2738 (Beh.
1254 2672 1300 2722 1.
1325 2670 1381 2738 2)
1407 2670 1644 2723 incertae
1669 2668 1880 2734 aetatiS‚

187 2758 415 2808 quorum
464 2741 642 2795 varias
697 2743 956 2796 lectiones
1003 2743 1060 2795 in
1103 2742 1210 2795 XII
1257 2742 1563 2797 Thebaidos
1609 2743 1776 2795 libros
1815 2740 1881 2795 V.

186 2812 266 2866 Ol.
319 2813 553 2885 Georgio
606 2815 869 2884 Turgotio
926 2815 1248 2870 Harcuriani
1304 2814 1556 2870 Sodalitii
1612 2814 1879 2884 provisori

183 2886 456 2942 Adrianus
512 2888 797 2942 Behottius
854 2890 1003 2943 misit
1058 2894 1112 2943 et
1168 2890 1389 2943 editioni
1439 2889 1879 2959 Tiliobrogianae
