2008 3198
233 162 304 215 58
812 163 859 208 P.
893 163 1118 208 ΡΑΡΙΝΠ
1150 164 1344 210 STATH

233 282 291 336 Si
330 287 578 337 conserta
617 283 842 337 manus?
919 284 1089 339 Vario
1130 285 1206 339 sic
1243 286 1493 340 turbidus
1534 291 1691 342 aestu

232 358 468 427 Angitur
509 376 570 410 ac
610 376 727 410 sese
767 359 953 427 culpat
991 377 1153 427 super
1194 360 1397 428 omnia,
1437 361 1529 430 qui
1567 380 1681 415 non

231 430 491 484 Orantem
530 432 588 483 in
626 431 816 485 mediis
857 433 1099 502 legatum
1139 434 1382 486 coetibus
1423 453 1548 488 ense
1865 449 1924 490 20

235 505 530 558 Perculerit
569 505 858 574 foedasque
896 506 1082 574 palam
1121 507 1404 560 satiaverit
1441 508 1568 562 iras,

237 578 354 631 Iam
394 579 560 648 pudet
598 579 821 648 incepti,
861 581 970 633 iam
1009 581 1264 649 paenitet.
1341 581 1422 635 Ac
1462 583 1609 635 velut
1646 582 1737 636 ille

234 652 514 705 Fluctibus
554 653 722 706 Ioniis
763 652 1028 707 Calabrae
1070 654 1226 708 datus
1267 656 1472 708 arbiter
1511 657 1636 710 alno

229 726 343 780 Nec
382 727 531 779 rudis
570 727 838 780 undarum
879 725 1092 797 (portus
1135 729 1230 781 sed
1268 729 1513 798 linquere
1554 730 1757 784 amicos

231 800 426 853 Purior
466 800 645 854 Olenii
682 801 890 854 frustra
930 801 1128 871 gradus
1169 803 1387 872 impulit
1430 801 1616 875 astri),
1865 817 1922 859 25

230 873 366 927 Cum
405 874 591 942 fragor
628 876 844 928 hiberni
883 876 1095 928 subitus
1135 876 1303 945 IoviS‚
1344 878 1527 930 omnia
1565 878 1750 931 mundi

232 946 483 1001 Claustra
519 952 719 1002 tonant
757 950 1064 1019 multusque
1101 951 1256 1019 polos
1297 951 1526 1004 inclinat
1567 951 1758 1021 Orion,

228 1021 353 1090 Ipse
393 1023 606 1091 quidem
645 1024 802 1077 malit
841 1027 1014 1076 terras
1053 1028 1368 1094 pugnatque
1408 1026 1628 1094 reverti,

228 1094 357 1148 Fert
396 1097 586 1167 ingens
627 1117 658 1150 a
696 1116 876 1166 puppe
915 1097 1114 1165 Notus,
1155 1101 1286 1151 tunc
1326 1102 1442 1151 arte
1482 1100 1674 1152 relicta

227 1168 462 1239 Ingemit
503 1174 556 1223 et
596 1189 779 1224 caecas
821 1172 1063 1240 sequitur
1102 1173 1211 1224 iam
1249 1173 1461 1226 nescius
1502 1173 1698 1226 undas:
1856 1187 1915 1227 30

227 1243 376 1296 Talis
416 1243 730 1313 Agenoreus
773 1245 961 1298 ductor
1000 1247 1253 1314 caeloque
1293 1250 1597 1299 morantem

228 1315 536 1377 Luciferum
577 1322 632 1372 et
672 1337 818 1374 seros
860 1319 1225 1372 maerentibus
1264 1320 1509 1388 increpat
1549 1323 1716 1374 ortus,

300 1390 441 1444 Ecce
483 1393 582 1445 sub
623 1392 868 1446 occiduas
910 1412 1098 1446 versae
1137 1394 1245 1445 iam
1284 1394 1461 1447 noctis
1501 1394 1742 1448 habenas

226 1463 621 1535 Astrorumque
662 1468 865 1535 obitus,
904 1467 999 1519 ubi
1037 1468 1273 1535 primum
1313 1469 1548 1521 maxima
1588 1467 1795 1538 Tethys

226 1538 454 1608 Impulit
492 1540 610 1593 Eoo
652 1544 996 1594 cunctantem
1034 1541 1349 1610 Hyperiona
1385 1545 1575 1611 pont0,
1857 1555 1915 1596 35

226 1612 345 1665 Ima
384 1614 697 1684 flagellatis,
739 1615 954 1684 signum
994 1616 1224 1684 lugubre
1264 1616 1552 1683 malorum,

227 1685 562 1740 Ponderibus
603 1688 898 1756 trepidavit
937 1688 1161 1756 humUS‚
1201 1692 1486 1758 motusque
1527 1688 1821 1743 Cithaeron

200 1759 497 1829 ‘Antiquas
538 1762 685 1814 dedit
724 1762 802 1814 ire
840 1763 1013 1831 nives3
1054 1765 1183 1815 tunc
1223 1763 1342 1814 visa
1380 1763 1547 1816 levari

228 1832 480 1887 Culmina
520 1838 878 1904 septenaeque
917 1837 1046 1906 iugo
1087 1854 1400 1889 concurrere
1442 1839 1648 1904 portae.

225 1906 301 1960 Et
339 1927 503 1977 prope
543 1913 670 1962 sunt
710 1927 922 1962 causae:
964 1910 1141 1980 gelido
1182 1911 1459 1963 remeabat
1499 1910 1617 1964 Eoo
1857 1924 1918 1965 4ο

225 1980 405 2034 Iratus
445 1983 572 2035 fatis
614 1986 669 2036 et
707 1984 879 2036 tristis
921 1987 1096 2037 morte
1135 1988 1334 2053 negata

226 2055 614 2125 Haemonides3
654 2058 879 2110 necdum
921 2076 1016 2110 ora
1055 2061 1268 2126 patent,
1308 2058 1606 2126 dubiusque
1645 2057 1827 2110 notari

229 2127 399 2199 Signa
439 2130 605 2184 dabat
644 2149 873 2201 magnae
913 2133 1075 2200 longe
1117 2131 1407 2184 manifesta
1445 2132 1631 2183 ruinae

225 2202 561 2273 Planctuque
610 2208 664 2257 et
704 2207 933 2274 gemitu3
980 2206 1230 2258 lacrimas
1269 2224 1397 2257 nam
1437 2204 1687 2273 protinus
1727 2222 1916 2258 omnes

225 2274 479 2329 Fuderat.
555 2278 704 2330 Haut
747 2279 905 2331 aliter
946 2280 1091 2332 saltu
1129 2279 1423 2331 devertitur
1463 2279 1627 2331 orbus
1857 2291 1916 2332 45

225 2349 421 2402 Pastor
462 2352 528 2403 ab
571 2356 846 2420 agrestum
886 2357 1150 2406 nocturna
1191 2355 1370 2421 strage
1410 2353 1682 2421 luporum,

227 2421 389 2475 Cuius
431 2424 560 2476 erile
600 2444 761 2494 pecus
802 2427 955 2479 silvis
994 2427 1246 2495 inopinus
1288 2427 1473 2494 abegit

226 2495 407 2549 Imber
447 2502 500 2549 et
540 2494 797 2552 hibernae
837 2503 1060 2552 ventosa
1099 2500 1377 2552 cacumina
1416 2499 1595 2551 lunae:

225 2569 368 2623 Luce
408 2575 596 2639 patent
636 2574 853 2641 caedes3
896 2573 1112 2626 domino
1154 2573 1390 2641 perferre
1429 2577 1669 2626 recentes

223 2643 347 2714 Ipse
386 2645 545 2698 timet
584 2664 762 2714 casus,
801 2647 1101 2715 haustaque
1141 2646 1389 2699 informis
1431 2646 1635 2699 harena
1858 2658 1916 2699 50

344 2824 400 2862 24
434 2820 534 2877 sed]
570 2833 706 2875 quem
737 2820 1047 2865 Baehrensius
1068 2822 1084 2877 ΙΙ
1108 2825 1165 2864 34
1196 2820 1353 2877 thetys
1386 2826 1417 2863 P
1449 2823 1463 2878 ΙΙ
1496 2824 1551 2864 35
1583 2819 1820 2876 Yperiona
1845 2824 1877 2861 P
1900 2819 1915 2877 Η

225 2882 281 2921 39
316 2891 593 2934 consurgere
627 2879 908 2923 Schradcrus
931 2882 946 2935 Η
970 2884 1024 2922 41
1058 2894 1233 2923 versu-m
1264 2893 1346 2924 om.
1385 2880 1527 2936 Pray.
1561 2883 1592 2924 2
1617 2881 1632 2935 ΙΙ
1655 2883 1711 2922 48
1743 2877 1850 2922 luae
1881 2883 1916 2920 P
