2008 3198
192 188 262 242 68
771 186 822 232 P.
853 185 1084 230 PAPINH
1115 184 1184 230 ST
1190 184 1310 229 ΑΤΠ

192 309 353 364 Nunc
379 311 596 379 gentem
620 307 933 361 inmeritam
954 305 1040 345 -—'
1064 306 1338 360 Lacrimas
1361 325 1474 361 non
1494 306 1724 376 pertulit
1737 306 1884 360 ultra

193 385 533 454 Bellipotens
544 425 558 451 ‚
595 382 814 436 hastam
852 383 1008 434 laeva
1046 380 1341 434 transumit
1379 384 1433 434 et
1471 381 1583 434 alto

196 458 373 526 (Haut
412 455 588 527 mora)
630 456 851 510 desiluit
891 473 1072 524 curra,
1112 455 1392 524 clipeoque
1430 457 1706 525 receptam

191 532 386 586 Laedit
425 533 484 584 in
522 531 774 601 amplexu
813 530 1078 598 dictisque
1118 529 1196 582 ita
1234 530 1437 582 mulcet
1476 528 1685 582 amicis:

268 606 332 660 ‘0
375 605 510 658 mihi
548 605 818 658 bellorum
858 603 1070 672 requies
1112 606 1166 656 et
1206 621 1360 656 sacra
1397 604 1647 672 voluptas
1797 615 1885 657 295

191 680 420 750 Unaque
459 699 567 750 pax
607 680 811 732 animo!
854 678 959 731 soli
999 677 1084 730 cui
1121 680 1278 730 tanta
1315 680 1560 748 potestas

191 755 564 823 Divorumque
603 753 992 821 hominumque
1032 752 1189 804 meis*
1209 770 1488 805 occurrere
1527 752 1651 805 telis

190 828 423 899 Impune
464 831 518 880 et
557 827 734 880 media
771 827 1017 896 quamVis
1056 826 1115 878 in
1154 827 1313 878 caede
1352 827 1642 879 frementes

191 902 309 956 Hos
350 902 612 956 adsistere
654 919 846 971 equos,
884 901 1029 953 hunc
1071 918 1253 953 ensem
1293 901 1524 954 avellere
1564 901 1769 955 dextra.

194 976 309 1030 Nec
349 977 483 1029 mihi
524 975 730 1029 Sidonii
770 974 1007 1045 genialia
1045 974 1264 1027 foedera
1305 973 1496 1028 Cadmi
1802 987 1889 1028 300

191 1050 307 1104 Nec
347 1055 464 1119 tua,
505 1069 651 1119 cara,
690 1049 824 1102 fides
868 1048 958 1119 (ne
997 1048 1140 1101 falsa
1177 1048 1444 1102 incessere
1485 1047 1707 1121 gaudel)

192 1125 532 1178 Exciderint:
571 1124 721 1193 prius
761 1124 819 1176 in
857 1123 1040 1192 patrui
1081 1123 1211 1176 deus
1251 1122 1425 1176 infera
1463 1142 1677 1193 mergar

195 1197 403 1269 Stagna
442 1202 497 1252 et
535 1198 804 1267 pallentes
848 1216 982 1268 agar
1022 1199 1331 1250 exarmatus
1374 1197 1440 1249 ad
1479 1198 1716 1262 umbras

195 1272 299 1327 Sed
336 1292 479 1326 nunc
516 1272 757 1325 fatorum
795 1272 1035 1324 monitus
1075 1274 1419 1340 mentemque
1459 1271 1699 1342 supremi

192 1346 380 1400 Iussus
422 1347 571 1400 obire
611 1347 784 1415 patris
828 1344 1025 1416 (neque
1066 1346 1208 1398 enim
1250 1345 1518 1399 Vulcania
1555 1346 1658 1403 tali
1803 1357 1890 1400 305

193 1421 431 1491 Imperio
474 1439 666 1474 manus
707 1423 837 1490 apta
876 1419 1034 1491 legi),
1077 1438 1180 1489 quo
1221 1422 1439 1489 pectore
1480 1423 1669 1474 contra

193 1494 278 1548 Ire
318 1495 506 1548 Iovem
547 1495 825 1563 dictasque
865 1513 1052 1563 parem
1093 1499 1436 1547 contemnere
1475 1495 1647 1565 legeS,

198 1568 300 1623 Cui
338 1570 498 1622 modo
542 1567 663 1639 (pro
703 1568 890 1638 vires!)
930 1571 1103 1620 terras
1145 1568 1458 1637 caelumque
1496 1568 1803 1638 fretumque

199 1645 510 1696 Attremere
551 1644 728 1695 oranti
768 1645 1059 1711 tantosque
1099 1660 1163 1694 ex
1203 1641 1389 1694 ordine
1429 1641 1538 1695 vidi

197 1716 493 1770 Delituisse
535 1717 699 1769 deos?
759 1715 861 1768 Sed
902 1734 968 1768 ne
1008 1715 1144 1767 mihi
1178 1715 1336 1768 corde
1378 1734 1660 1784 supremos
1806 1729 1894 1769 310

198 1790 459 1861 Concipe,
499 1810 645 1858 cara,
687 1793 886 1858 metuS,
928 1790 1139 1858 quando
1179 1789 1314 1842 haec
1353 1793 1565 1843 mutare
1604 1792 1850 1860 potestas

201 1863 372 1917 Nulla
412 1865 597 1934 datur3
638 1883 759 1917 cum
799 1864 909 1916 iam
950 1863 1131 1933 Tyriis
1173 1864 1273 1917 sub
1313 1864 1596 1917 moenibus
1637 1863 1828 1917 ambae

202 1938 497 1993 Bellabunt
535 1941 750 2009 gentes,
792 1938 951 1990 adero
993 1942 1047 1990 et
1087 1937 1232 1990 socia
1272 1957 1422 1991 arma
1460 1938 1672 1992 iuvabo.

205 2013 358 2066 Tunc
396 2032 482 2066 me
523 2014 821 2082 sanguineo
862 2013 970 2064 late
1012 2011 1284 2064 defervere
1325 2031 1515 2080 campo

199 2087 308 2140 Res
349 2107 510 2156 super
548 2087 836 2157 Argolicas
875 2086 1009 2138 haut
1051 2085 1126 2138 sic
1166 2086 1373 2138 deiecta
1411 2086 1640 2154 videbis3
1808 2098 1894 2138 315

200 2161 319 2214 Hoc
359 2162 493 2213 mihi
531 2162 639 2231 ius,
680 2179 779 2213 nec
816 2159 933 2213 fata
972 2158 1194 2212 vetant?
1273 2158 1360 2211 Sic
1401 2177 1554 2212 orsus
1595 2161 1782 2230 aperto

321 2311 420 2351 301.
458 2307 562 2350 ‘nec
596 2333 649 2338 —
683 2305 855 2363 gaude'
895 2303 1125 2360 Eutych.
1162 2305 1247 2348 art.
1282 2303 1325 2346 Π
1359 2309 1413 2348 14
1445 2320 1489 2361 p.
1525 2309 1625 2359 482,
1661 2309 1718 2348 30
1749 2304 1803 2349 Κ.

320 2443 409 2482 294
432 2438 601 2482 Laedit
626 2441 750 2484 codd.
776 2440 895 2496 quod
917 2438 1089 2482 retinui
1113 2438 1209 2481 coll.
1237 2436 1313 2480 VI
1316 2438 1349 2479 I
1369 2441 1459 2482 498
1475 2451 1539 2494 sq.
1562 2437 1631 2493 Cf.
1654 2438 1895 2482 Mil-scher-

202 2499 304 2543 Zz'ch.
346 2499 407 2541 acl
448 2499 564 2541 Hor.
606 2500 813 2542 carms'I
841 2502 922 2551 13,
957 2501 1014 2540 14
1045 2495 1191 2539 Tollit
1223 2495 1271 2538 in
1305 2497 1570 2552 amplexum
1605 2497 1896 2555 Peyraredus

203 2556 368 2613 Illigat
398 2556 617 2612 amplexu
647 2558 873 2601 Bao-thius
903 2555 1042 2599 Lenit
1073 2554 1122 2598 in
1155 2556 1373 2611 amplexu
1400 2557 1653 2601 Illucllerus
1676 2556 1895 2611 receptae

203 2618 271 2660 vel
315 2615 558 2671 clipeoque
598 2618 787 2671 reposto
827 2615 1003 2659 Haeret
1041 2614 1069 2659 i.
1111 2627 1151 2658 a.
1197 2615 1415 2658 Μεηῖῡίπε
1445 2617 1459 2671 ΙΙ
1495 2620 1580 2659 300
1620 2613 1827 2672 genialia
1864 2619 1898 2657 Ρ

206 2673 439 2731 genitalia
470 2675 699 2732 BG2SM11
724 2680 806 2718 301
841 2688 926 2717 nec
957 2673 1079 2717 falsa
1110 2678 1140 2714 P
1173 2674 1284 2717 Beh.
1318 2678 1446 2716 THG
1476 2689 1532 2717 m.
1559 2689 1634 2731 pr.
1659 2675 1783 2730 11302
1809 2673 1896 2717 Ex—

207 2734 411 2777 ciderint
441 2738 604 2776 PSGH
634 2734 744 2777 Dela.
779 2735 904 2777 Dan.
935 2749 969 2776 :t
987 2735 1021 2776 δ
1053 2732 1338 2775 Exciderunt
1360 2733 1462 2775 BG2
1486 2732 1770 2777 Exciderant
1794 2737 1899 2786 Tog-

211 2795 251 2850 (1
292 2793 564 2836 exciderunt
596 2795 652 2836 al.
688 2808 742 2837 m.
776 2794 1026 2848 suprascrz)
1060 2796 1091 2833 L
1121 2796 1125 2838 ῐ
1154 2805 1364 2847 mergam
1394 2797 1427 2834 P
1451 2794 1465 2847 ΙΙ
1490 2797 1574 2836 303
1608 2790 1899 2835 exanimatus

208 2867 232 2894 c
266 2852 545 2897 Schraderas
568 2853 584 2908 ΙΙ
608 2856 695 2895 304
727 2851 960 2895 factorum
982 2856 1014 2893 Ρ
1037 2853 1052 2908 11
1077 2855 1161 2894 309
1195 2852 1412 2907 totosque
1437 2852 1664 2896 Barthius
1687 2851 1898 2894 cunctos-

209 2924 298 2966 que
334 2913 588 2956 Muellerus
619 2913 715 2955 coll.
747 2925 787 2957 v.
820 2914 914 2956 254

1997 2802 2008 2881 ς

1993 2890 2008 2936 ε

1992 2942 2008 3007 {d
