1942 3190
125 170 199 222 24
699 173 750 218 Ρ.
782 173 1016 218 PAPINII
1048 173 1247 219 STATII

123 292 461 362 Increpitans
492 310 693 363 magno
733 296 917 347 vatem
957 293 1255 348 Calchanta
1293 295 1533 348 tumultu

124 366 459 419 Protesilaus
501 367 578 419 ait
617 365 873 437 (namque
911 368 1039 421 huic
1076 369 1276 423 bellare
1317 369 1510 439 cupido

123 440 420 508 Praecipua
453 444 507 493 et
530 441 741 508 primae
766 442 877 494 iam
900 445 1029 494 tunc
1062 443 1189 496 data
1221 444 1398 512 gloria
1427 440 1670 515 mortis):
1732 455 1823 496 495

129 513 193 566 ‘O
234 514 463 567 nimium
503 514 712 567 Phoebi
750 516 1129 586 tripodumque
1169 510 1336 570 oblite
1374 520 1614 585 tuorum,

125 587 473 656 Thestoride,
514 588 728 657 quando
769 608 865 642 ora
904 590 1002 643 deo
1041 609 1295 660 possessa
1333 591 1576 644 movebis

127 661 354 731 iustius,
394 664 488 714 aut
527 680 790 730 quaenam
828 663 1120 717 Parcarum
1161 666 1370 718 occulta
1407 664 1687 718 recludes?

126 732 316 788 Cernis
356 739 418 787 ut
456 736 703 806 ignotum
744 739 923 791 cuncti
962 741 1321 808 stupeantque
1359 741 1734 808 premantque-

124 808 433 863 Aeaciden‘?
512 808 744 863 Sordent
780 812 946 882 vulgo
988 810 1319 882 Calydonius
1358 813 1519 867 heros
1735 825 1826 866 500

124 883 203 936 Et
243 901 443 954 magno
485 884 701 954 genitus
740 885 1030 946 Telamone
1069 887 1316 956 Aiaxque
1357 887 1620 940 secundus
1631 928 1645 955 ,

123 957 243 1011 Nos
284 976 520 1026 quoque:
563 958 656 1011 sed
687 957 906 1012 Mavors
947 964 1002 1013 et
1033 960 1198 1014 Troia
1231 961 1456 1030 abrepta
1497 960 1826 1029 probabunt.

122 1031 291 1084 Illum
331 1032 598 1102 neglectis
640 1031 831 1102 (pudet
868 1033 1021 1104 heul)
1063 1035 1378 1088 ductoribus
1421 1052 1608 1088 omnes

122 1103 460 1175 Belligerum
501 1124 597 1159 ceu
634 1124 834 1159 numen
874 1111 1071 1160 amant.
1148 1107 1249 1161 Dic
1289 1108 1435 1162 ocius
1475 1107 1593 1178 (aut
1632 1126 1726 1161 cur

125 1177 280 1232 Serta
312 1180 481 1232 comis
516 1182 571 1232 et
601 1181 804 1233 multus
838 1181 1089 1251 honos‘P),
1121 1183 1318 1251 quibus
1344 1182 1559 1235 abditus
1587 1182 1695 1236 oris
1736 1193 1826 1234 505

125 1252 307 1315 Quave
345 1254 498 1306 iubes
537 1254 731 1306 tellure
771 1255 907 1323 peti3
945 1274 1074 1308 nam
1112 1256 1259 1308 fama
1296 1274 1396 1308 nec
1435 1257 1605 1309 antris

125 1324 377 1379 Chironis
417 1328 595 1396 patria
634 1346 733 1380 nec
772 1329 966 1399 degere
1004 1330 1195 1382 Peleos
1236 1330 1375 1383 aula.

123 1399 284 1470 Heia,
324 1401 573 1469 inrumpe
614 1402 741 1454 deos
783 1405 838 1455 et
875 1403 992 1456 fata
1029 1404 1259 1456 latentia
1298 1422 1456 1472 vexa,

125 1474 562 1545 Laurigerosque
601 1476 755 1546 ignes
766 1518 781 1545 ,
821 1477 867 1528 si
908 1478 1145 1547 quande,
1186 1477 1529 1530 avidissimus
1568 1476 1750 1530 hauri:

126 1548 296 1601 Arma
334 1549 604 1602 horrenda
641 1549 744 1602 tibi
785 1569 1078 1620 saevosque
1117 1551 1423 1604 remisimus
1465 1569 1632 1604 enseS.
1739 1563 1829 1603 510

122 1622 436 1691 Numquam
476 1622 576 1675 has
616 1623 863 1676 imbelles
905 1625 1064 1694 galea
1102 1625 1376 1678 violabere
1416 1625 1608 1692 vittas,

126 1695 227 1748 Sed
268 1696 399 1748 felix
437 1715 766 1765 numeroque
806 1697 999 1750 ducum
1038 1699 1405 1766 praestantior
1445 1698 1614 1766 omni,
1651 1707 1659 1713 '

126 1768 184 1822 Si
223 1787 481 1839 magnum
521 1769 725 1823 Danais
772 1769 899 1839 *per
935 1774 989 1824 te
1028 1770 1346 1840 portendis*
1383 1769 1687 1824 Achillem?

274 1843 599 1896 Iamdudum
637 1844 850 1913 trepido
892 1846 1200 1898 circumfert
1237 1845 1446 1898 lumina
1483 1848 1637 1899 motu

124 1916 540 1987 Intrantemque
580 1918 738 1971 deum
778 1920 953 1987 primo
992 1920 1202 1989 pallore
1240 1920 1446 1973 fatetur
1737 1931 1826 1972 515

248 2142 336 2190 494
368 2137 470 2194 agit
501 2142 534 2179 P
577 2138 678 2182 erat
709 2137 945 2182 Scriverus
982 2139 998 2195 ΙΙ
1033 2143 1119 2182 495
1151 2138 1303 2195 gloria
1332 2142 1365 2180 P
1407 2136 1544 2194 copia
1583 2138 1716 2182 ceteri
1741 2137 1748 2194 Ι
1775 2138 1828 2182 et

127 2194 268 2252 primi
298 2195 328 2241 i.
361 2199 394 2240 t.
429 2196 473 2241 d.
508 2210 544 2242 c.
587 2196 752 2241 Martis
783 2197 1022 2242 Bentleius
1057 2199 1073 2255 ΙΙ
1112 2202 1198 2242 498
1231 2198 1340 2254 quia
1370 2210 1479 2240 nam
1510 2201 1543 2238 P
1591 2210 1822 2253 quaenam

125 2254 480 2307 G2PchLeid.
513 2243 673 2311 q⁶nam
706 2262 726 2299 t
758 2256 942 2312 quando
967 2261 1051 2300 HD
1076 2257 1091 2313 ΙΙ
1114 2261 1199 2300 499
1227 2255 1406 2300 cunctis
1423 2259 1526 2297 PPe
1554 2256 1561 2313 Ι
1589 2258 1821 2312 premant-

125 2327 216 2369 que
248 2317 339 2355 AM
370 2315 628 2371 petantque
661 2316 758 2361 edd.
791 2315 1086 2373 fremantque
1116 2315 1427 2360 Baehrensius
1457 2316 1472 2370 ΙΙ
1504 2318 1589 2358 500
1623 2314 1825 2359 Sordent

124 2377 156 2415 P
190 2372 360 2417 Sordet
384 2375 517 2418 ceteri
539 2375 554 2431 ΙΙ
579 2379 663 2419 502
690 2376 738 2419 et
760 2374 900 2419 Troia
923 2376 1118 2432 abrepta
1135 2374 1251 2428 Ppe
1273 2374 1354 2418 sed
1379 2372 1519 2418 Troia
1542 2373 1739 2430 abrepta
1764 2377 1824 2416 Po

126 2431 207 2475 sed
238 2431 362 2475 troia
391 2436 578 2489 arrepta
603 2433 660 2475 (32
693 2436 741 2478 et
758 2434 898 2478 Troia
922 2435 1109 2491 arrepta
1132 2434 1261 2478 Laid.
1286 2439 1352 2478 nt
1384 2433 1662 2489 arreptaque
1684 2431 1826 2476 Troia

124 2491 279 2534 nedd.
304 2495 404 2536 vett.
430 2492 446 2548 ΙΙ
471 2496 557 2536 504
582 2507 703 2548 quur:
717 2498 750 2535 P
773 2494 788 2549 Η
813 2497 897 2537 505
923 2493 1097 2537 multus
1122 2497 1303 2547 PPch
1333 2493 1490 2536 mutus
1512 2490 1662 2534 ‹3²111.
1694 2490 1826 2535 mitis

124 2556 145 2592 t
179 2549 379 2594 Gronov.
415 2551 430 2606 ΙΙ
467 2556 551 2595 506
584 2551 715 2596 iuues
747 2557 780 2594 P
817 2554 833 2609 ΙΙ
872 2555 957 2597 508
989 2552 1111 2596 Heia
1141 2553 1352 2608 inrumpe
1378 2552 1488 2595 deos
1520 2554 1558 2593 A
1602 2550 1704 2607 Eya
1735 2563 1824 2607 age

124 2623 290 2665 rumpe
322 2609 432 2653 deos
457 2613 492 2650 G
536 2610 637 2667 Eia,
670 2626 833 2668 rumpe
858 2625 1010 2656 moras
1033 2616 1078 2654 Μ
1109 2611 1196 2655 Eia
1221 2624 1308 2667 age
1332 2624 1495 2666 rumpe
1520 2623 1675 2653 moras
1697 2608 1823 2652 Bur-

125 2681 327 2712 mannus
343 2667 438 2713 See.
468 2674 474 2723 Ι
502 2682 620 2714 vexa
642 2672 723 2724 (al.
749 2685 805 2714 m.
831 2686 854 2714 r
876 2675 1119 2727 superscr.)
1142 2675 1175 2712 P
1213 2684 1332 2715 vexa
1355 2667 1480 2712 PeG²
1505 2668 1637 2712 Leid.
1662 2680 1781 2734 nexa
1803 2672 1827 2709 t

126 2726 235 2771 laxa
265 2731 310 2769 M
332 2728 348 2784 ss
372 2730 457 2771 509
482 2726 816 2786 Laurigerique
846 2729 1155 2774 Baehrensius
1177 2730 1193 2784 ΙΙ
1216 2733 1301 2773 511
1336 2726 1710 2786 ςαΙεαζᾳνὶοῙατθ
1732 2726 1823 2770 Vit-

127 2787 200 2829 tas
231 2790 263 2827 P
286 2786 301 2842 ΙΙ
326 2790 411 2829 512
447 2786 538 2830 Sed
569 2791 639 2831 At
672 2788 744 2832 Sis
769 2788 882 2833 felix
904 2793 949 2831 M
972 2789 988 2846 ΙΙ
1013 2794 1095 2833 513
1124 2802 1209 2845 pro
1232 2790 1281 2832 te
1305 2791 1343 2830 A
1373 2789 1508 2844 prote
1533 2788 1606 2840 (=
1622 2785 1825 2841 promte)

122 2844 433 2889 Baehrensius
475 2847 481 2901 Ι
525 2846 748 2904 dependis
781 2852 813 2889 P
863 2850 944 2905 (απ
985 2846 1232 2904 deprendis
1248 2852 1286 2903 ?)
1334 2845 1575 2903 protendis
1610 2847 1652 2886 Η
1690 2843 1824 2888 Leid.

133 2902 257 2948 Voss.
283 2907 344 2946 83
368 2906 607 2960 pret-,endis
632 2906 761 2962 Lips.
782 2910 844 2951 36
