2008 3198
701 179 1042 226 THEBAIDOS
1073 180 1186 226 LIB.
1218 180 1294 225 IV.
1775 179 1844 233 89

157 299 234 354 Et
271 302 365 372 qui
401 321 529 356 rura
567 303 792 356 domant
829 301 1129 372 Epidauria
1169 298 1382 371 (dexter
1418 299 1613 354 Iaccho

158 373 350 445 Collis,
389 380 447 431 at
483 376 743 431 Ennaeae
783 375 966 431 Cereri
1003 372 1215 445 negat);
1257 374 1380 428 avia
1418 372 1594 443 Dyme

157 446 335 502 Mittit
373 468 531 519 opem
569 450 870 519 densasque
909 448 1073 518 Pylos
1112 447 1303 502 Neleia
1340 451 1573 519 turmas3
1762 459 1845 501 125

157 520 414 577 Nondum
451 528 583 578 nota
621 524 786 594 Pylos
826 522 1138 592 iuvenisque
1180 524 1357 575 aetate
1398 520 1631 575 secunda
1660 551 1669 555 -

158 594 385 666 Nestor,
425 601 479 651 et
518 599 596 651 ire
635 601 819 651 tamen
856 597 1097 665 peritura
1137 595 1195 648 in
1233 598 1414 649 castra
1452 595 1689 664 negavit.

158 667 275 722 Hos
317 671 492 740 agitat
528 671 892 740 pulchraeque
932 670 1089 723 docet
1126 670 1344 722 virtutis
1385 686 1625 722 amorem

158 742 374 797 Arduus
413 744 815 815 Hippomedon3
855 743 1022 813 capiti
1060 742 1250 796 tremit
1289 759 1445 796 aerea
1483 741 1652 796 cassis

160 815 266 868 Ter
302 817 519 871 niveum
553 818 840 872 scandente
871 818 1022 886 iuba,
1061 817 1205 870 latus
1240 834 1397 870 omne
1429 817 1529 869 sub
1564 815 1728 869 armis
1762 827 1847 869 130

158 888 355 943 Ferrea
394 894 518 945 suta
554 895 761 961 terunt,
798 909 1014 944 umeros
1055 908 1116 944 ac
1154 893 1375 959 pectora
1411 890 1522 943 late

158 961 466 1018 Flammeus
506 965 651 1019 orbis
690 965 879 1035 habet,
917 964 1261 1034 perfectaque
1299 963 1436 1018 vivit
1473 964 1531 1016 in
1570 981 1700 1017 auro

159 1034 285 1089 Nox
322 1037 523 1092 Danai:
563 1043 748 1093 sontes
787 1038 1071 1092 Furiarum
1110 1038 1361 1107 lampade
1400 1038 1558 1107 nigra

160 1108 567 1182 Quinquaginta
606 1113 799 1166 ardent
835 1111 1088 1180 thalami3
1128 1115 1284 1181 pater
1323 1112 1440 1181 ipse
1479 1110 1715 1164 cruentis

157 1182 225 1236 In
262 1184 472 1239 foribus
511 1186 805 1256 laudatque
842 1185 995 1239 nefas
1037 1188 1200 1255 atque
1240 1185 1463 1255 inspicit
1503 1202 1672 1238 enses,
1765 1194 1850 1237 135

157 1255 322 1311 Illum
359 1258 606 1313 Palladia
646 1261 861 1329 sonipes
901 1258 1203 1312 Nemeaeus
1245 1259 1311 1311 ab
1353 1276 1474 1311 arce

159 1328 394 1386 Devehit
433 1351 583 1386 arma
621 1351 830 1402 pavens
863 1333 1161 1401 umbraque
1199 1332 1435 1386 immane
1473 1331 1683 1385 volanti

160 1402 360 1472 Implet
399 1422 562 1475 agros
601 1407 871 1477 longoque
911 1406 1116 1459 attollit
1154 1406 1376 1474 pulvere
1416 1423 1679 1474 campum.

161 1475 288 1530 Non
326 1478 485 1532 aliter
524 1479 691 1533 silvas
730 1479 931 1532 umeris
972 1482 1026 1531 et
1062 1482 1292 1548 utroque
1330 1478 1634 1548 refringens

161 1548 385 1604 Pectore
424 1555 683 1606 montano
725 1553 921 1621 duplex
961 1552 1204 1621 Hylaeus
1244 1552 1312 1605 ab
1353 1555 1510 1605 antro
1767 1562 1850 1604 140

161 1622 496 1694 Praecipitat
535 1625 723 1697 (pavet
762 1625 924 1695 Ossa)
962 1626 1101 1695 viaS‚
1139 1625 1479 1695 pecudesque
1518 1624 1772 1694 feraeque

63 1695 87 1718 ⁹
160 1694 501 1753 Procubuere
538 1702 708 1769 metu3
747 1717 858 1753 non
895 1699 1029 1768 ipsis
1068 1698 1329 1752 fratribus
1367 1699 1564 1752 horror

162 1769 340 1841 Afuit,
376 1774 567 1843 ngenti
606 1773 776 1826 donec
815 1773 1016 1826 Peneia
1057 1773 1204 1826 saltu

164 1841 371 1914 Stagna
411 1847 559 1899 subit
594 1863 961 1915 magnumque
1001 1846 1244 1899 obiectus
1284 1845 1490 1898 detinet
1529 1863 1754 1898 amnem.

240 1917 372 1980 Quis
410 1937 695 1972 numerum
732 1919 862 1971 ferri
901 1921 1193 1989 gentesque
1234 1922 1289 1971 et
1327 1919 1527 1971 robora
1565 1918 1712 1971 dictu
1767 1930 1850 1971 145

164 1988 430 2060 Aequarit
468 1992 700 2045 mortale
741 1991 975 2046 sonans?
1016 1990 1154 2045 Suus
1197 1992 1336 2044 excit
1374 1991 1431 2044 in
1473 2009 1623 2044 arma

163 2063 462 2134 Antiquam
502 2065 770 2135 Tiryntha
806 2064 963 2134 deus3
1000 2084 1108 2119 non
1148 2064 1379 2118 fortibus
1420 2065 1517 2118 illa

163 2137 456 2192 Infecunda
495 2139 627 2192 viris
664 2138 918 2209 famaque
958 2139 1210 2192 immanis
1251 2139 1459 2191 alumni

286 2315 384 2356 123.
422 2311 523 2367 ‘qui
547 2338 602 2344 -
626 2311 902 2369 Epidauria’
938 2313 1110 2357 schol.
1143 2312 1288 2357 Theb.
1321 2311 1385 2357 VI
1417 2316 1501 2357 912
1533 2327 1578 2370 p.
1611 2315 1697 2356 235
1721 2310 1770 2355 L.
1797 2336 1852 2345 —

169 2373 253 2413 139
278 2383 345 2427 sq.
389 2369 607 2427 ‘utroque
640 2397 694 2403 —
729 2372 882 2416 antro’
926 2371 1098 2415 schol.
1139 2370 1282 2416 Theb.
1322 2369 1366 2415 V
1399 2376 1482 2417 707
1514 2386 1561 2428 p.
1597 2374 1681 2415 194
1711 2369 1762 2415 L.
1796 2395 1852 2403 —

169 2431 255 2473 146
288 2441 355 2483 sq.
391 2428 522 2472 ‘suus
555 2455 610 2462 —
644 2429 777 2473 deus'
812 2429 1085 2477 Priscian.
1118 2429 1182 2474 IX
1215 2434 1255 2486 8,
1289 2434 1347 2475 40
1377 2445 1423 2487 p.
1456 2434 1543 2475 476
1574 2428 1632 2475 Η.

290 2593 376 2634 124
415 2590 464 2633 et
501 2594 579 2633 Pe
613 2592 620 2647 Ι
654 2589 874 2636 Henneae
906 2597 939 2635 Ρ
976 2591 1177 2652 hetneae
1208 2595 1242 2635 B
1275 2590 1474 2636 ethneae
1506 2591 1603 2634 (με
1634 2589 1853 2634 Ennaeae

170 2646 361 2694 Grotius
384 2648 644 2704 Bentleius;
677 2651 734 2703 cf.
760 2651 874 2696 Ach.
899 2652 935 2694 I
955 2654 1050 2697 825
1073 2653 1088 2709 u
1115 2655 1197 2696 125
1231 2663 1367 2708 opem
1398 2655 1471 2693 PL
1496 2663 1608 2706 opes
1631 2647 1854 2765 Βαέκυ
1900 2691 1903 2693 ,

168 2708 263 2751 126
293 2711 335 2751 et
367 2710 462 2753 127
499 2721 654 2753 versus
687 2709 940 2755 Muellerus
979 2711 1152 2754 alienos
1189 2710 1316 2755 ducit
1353 2711 1369 2765 ΙΙ
1410 2714 1493 2753 136
1524 2706 1737 2765 palliada
1765 2710 1800 2749 P

170 2769 253 2809 141
293 2765 715 2822 Iuleo-punctionem
759 2781 873 2813 corr.
917 2769 1171 2814 Muellerus
1209 2770 1224 2824 ΙΙ
1265 2773 1350 2812 144
1399 2767 1586 2812 obiectu
1628 2766 1850 2823 Peyrare-

167 2823 255 2868 ἀπε
292 2826 308 2881 ΙΙ
349 2829 433 2869 146
481 2823 609 2868 dictu
648 2831 717 2869 1³8
756 2825 867 2871 Βοὴ.
915 2831 1085 2881 Gflpn
1125 2825 1252 2872 dicto
1283 2830 1371 2870 ΒΜ
1408 2828 1423 2882 ΙΙ
1464 2830 1547 2870 148
1587 2824 1851 2879 famamque

168 2881 391 2928 Heinsius
421 2882 653 2927 famamve
678 2884 989 2931 Marklandus
1013 2885 1228 2930 famaeve
1251 2885 1561 2931 Baehrensius
1584 2883 1679 2928 coll.
1706 2881 1743 2925 I
1757 2885 1849 2927 464
