1942 3190
659 163 1079 236 *AomLLEiDos
1110 164 1164 209 L.
1195 163 1230 209 1.
1763 160 1797 213 9

108 289 183 342 Te
225 288 376 342 sine?
423 286 552 341 Non
589 287 784 340 merito
823 285 1067 354 trepidus
1110 302 1271 355 sopor
1311 287 1534 353 atraque
1574 282 1736 336 matri

107 361 278 433 Signa
317 362 473 415 deum
515 365 569 414 et
607 378 834 431 magnos
874 360 1083 412 utinam
1122 359 1352 412 mentita
1389 358 1636 411 timores!
1716 369 1801 410 130

103 436 354 506 Namque
395 436 556 489 modo
595 435 839 488 infensos
878 437 1032 487 utero
1073 433 1209 486 mihi
1249 436 1474 486 contuor
1513 450 1684 500 611868,

104 510 263 564 Nunc
301 510 528 580 planctu
566 510 733 563 livere
772 527 988 577 manus,
1026 507 1187 561 modo
1226 507 1284 559 in
1321 508 1491 566 ubera
1530 523 1720 559 saevas

109 584 196 637 Ire
234 585 403 654 feras3
445 602 603 653 saepe
642 584 763 652 ipsa
803 580 1029 654 (nefasl)
1070 582 1168 634 sub
1208 581 1391 634 inania
1429 583 1618 633 natum

109 659 340 711 Tartara
380 661 435 711 et
475 658 541 711 ad
583 655 804 727 Stygios
843 657 1042 709 iterum
1079 656 1196 708 fero
1237 673 1479 725 mergere
1518 654 1711 707 fontes.

106 731 224 785 Hos
265 733 479 786 abolere
519 735 695 784 metus
735 730 935 800 magici
974 731 1126 783 iubet
1153 729 1350 783 'ordine
1391 729 1531 782 sacri
1718 739 1803 780 135

108 805 433 875 Carpathius
473 808 623 859 vates
662 823 993 874 puerumque
1014 804 1131 857 ·sub
1173 822 1269 856 axe
1307 807 1528 872 peracto

107 879 337 934 Secretis
378 880 612 932 lustrare
651 879 830 948 fretis,
870 879 960 932 ubi
1002 879 1166 931 litora
1206 896 1416 931 summa

108 954 309 1008 Oceani
350 958 406 1007 et
444 954 659 1023 genitor
697 955 846 1022 tepet
884 952 1256 1005 inlabentibus
1298 952 1457 1004 astris

102 1027 333 1096 Pontus,
372 1028 466 1080 ubi
506 1027 712 1097 ignotis
743 1027 1014 1080 horrenda
1053 1026 1271 1095 piacula
1311 1026 1448 1078 divis

107 1100 394 1171 Donaque:
429 1102 520 1154 sed
543 1103 768 1170 longum
794 1104 989 1154 cuncta
1014 1103 1326 1153 enumerare
1357 1102 1639 1168 vetorque3
1719 1110 1805 1151 140

108 1175 284 1229 Trade
308 1176 484 1245 magis
500 1174 530 1228 1⁹
573 1174 660 1228 Sic
684 1177 812 1229 ficta
826 1194 1044 1244 parens:
1068 1193 1241 1244 neque
1268 1174 1411 1226 enim
1434 1173 1528 1226 ille
1554 1172 1807 1244 dedisset,

107 1248 163 1302 Si
203 1250 399 1302 molles
439 1249 660 1302 habitus
701 1252 756 1302 et
792 1250 1035 1319 tegmina
1072 1249 1230 1301 foeda
1268 1248 1431 1301 fateri

105 1323 258 1377 Ausa
298 1324 427 1376 seni.
505 1323 656 1376 Tunc
695 1324 812 1392 ipse
851 1323 1044 1376 refert:
1086 1321 1238 1391 ‘Duc,
1280 1322 1500 1391 optima,
1540 1338 1757 1390 quaeso,

104 1396 224 1450 Duc
263 1397 511 1466 genetrix
548 1398 848 1466 humilique
890 1398 1016 1450 deos
1057 1397 1293 1466 infringe
1333 1398 1570 1464 precatu,

103 1469 249 1523 Nam
267 1473 525 1539 superant
542 1475 638 1523 tua
653 1474 782 1523 vota
805 1471 1025 1523 modum
1045 1470 1418 1539 placandaque
1445 1469 1676 1521 multum
1719 1479 1803 1520 145

105 1543 319 1597 Invidia
361 1547 457 1597 est.
532 1544 660 1597 Non
701 1544 840 1598 addo
881 1548 1102 1613 metum,
1144 1544 1237 1596 sed
1277 1561 1403 1596 vera
1441 1542 1678 1594 fatebor:

103 1615 300 1670 Nescio
342 1618 470 1687 quid
510 1635 768 1687 magnum
809 1616 929 1687 (nec
969 1636 1054 1671 me
1093 1618 1273 1687 patria
1313 1617 1496 1670 omina
1534 1612 1755 1686 fallunt)

223 1823 267 1852 v.
305 1812 387 1851 131
422 1807 751 1852 Priscianus
785 1807 894 1851 VIII
920 1811 974 1851 95
1000 1823 1044 1865 p.
1071 1812 1159 1851 444
1183 1807 1264 1850 H.:
1286 1805 1500 1850 ·‘Statius
1531 1805 1582 1850 in
1605 1806 1627 1849 Ι
1650 1804 1808 1849 Achil-

106 1865 280 1910 leidos:
335 1866 551 1923 Namque
597 1867 737 1911 modo
784 1866 988 1911 infensos
1035 1867 1168 1910 utero
1216 1866 1333 1910 mihi
1388 1868 1583 1910 contuor
1638 1864 1804 1910 enses.'

104 1924 343 1981 Eutych.
377 1926 462 1968 art.
497 1926 517 1968 I
551 1930 574 1968 1
608 1941 652 1981 p.
678 1930 781 1981 465,
814 1930 839 1968 2
873 1925 948 1969 K:
987 1925 1135 1968 ‘Idem
1169 1925 1312 1968 etiam
1344 1924 1471 1968 aliud
1505 1924 1564 1968 ab
1598 1938 1651 1968 eo
1684 1937 1809 1967 com-2

105 1983 310 2040 positum
341 1983 391 2027 111
423 1983 533 2027 VIII
566 1984 668 2040 (VII
702 1985 796 2028 cod.
825 1984 999 2040 PariS.)
1030 1984 1152 2027 libro
1179 1983 1447 2027 Thebaidos
1481 1982 1663 2039 extulit,
1697 1996 1805 2026 con-

104 2045 225 2097 tuor,
257 2045 330 2087 ut:
363 2056 564 2099 namque
597 2043 736 2087 modo
772 2042 976 2087 infensos
1009 2045 1142 2087 utero
1173 2043 1292 2086 mihi
1325 2045 1521 2086 contuor
1555 2041 1719 2086 enses?

229 2237 312 2277 129
352 2233 460 2278 Νο11
500 2233 668 2278 merito
700 2238 805 2277 PPc
837 2250 948 2279 num
980 2235 1147 2279 merito
1182 2250 1209 2289 p
1257 2249 1366 2279 nam
1406 2234 1574 2279 merito
1608 2238 1644 2277 G
1683 2248 1806 2278 nunc

0 2272 14 2332 V.
105 2290 274 2336 merito
315 2298 336 2335 t
381 2296 445 2336 nu
476 2293 664 2338 imerito
707 2293 765 2336 G2
818 2307 912 2338 non
952 2293 1171 2338 inmerito
1204 2298 1246 2336 11
1287 2295 1303 2350 ss
1338 2299 1421 2338 130
1462 2295 1510 2338 et
1546 2307 1741 2350 magnos
1772 2296 1811 2335 A

104 2355 150 2393 Π
179 2350 379 2408 Magnos
411 2353 508 2396 edd.
544 2355 591 2396 et
611 2363 795 2410 'magno
828 2360 848 2395 t
875 2355 881 2409 Ι
909 2353 1091 2397 dolores
1121 2367 1147 2407 p
1180 2355 1196 2411 ΙΙ
1231 2358 1313 2397 131
1347 2353 1564 2408 Namque
1597 2353 1736 2397 modo
1770 2356 1808 2394 A

105 2413 151 2451 Η
191 2409 470 2477 priscianus
510 2411 709 2469 Eutych.
786 2412 1003 2468 Namque
1045 2411 1163 2456 mihi
1203 2413 1300 2457 edd.
1336 2415 1343 2467 1
1378 2411 1585 2456 infensos
1634 2411 1691 2454 G2
1707 2416 1764 2454 Po
1781 2427 1808 2466 p

110 2469 388 2513 Prtscia‘nus
421 2470 619 2528 Eutych.
654 2474 690 2513 G
720 2470 918 2516 infessos
948 2475 981 2514 P
1011 2471 1205 2516 infestos
1237 2472 1335 2516 edd.
1365 2472 1370 2527 Ι
1398 2473 1531 2515 utero
1561 2471 1679 2514 mihi
1702 2475 1740 2513 A
1763 2475 1809 2514 H

110 2526 347 2571 Priscian.
381 2527 581 2586 Eutych.
616 2531 750 2574 utero
782 2531 922 2575 modo
954 2531 1050 2574 edd.
1077 2531 1093 2587 ΙΙ
1119 2535 1202 2574 132
1235 2530 1380 2575 libere
1412 2534 1445 2572 P
1468 2530 1484 2587 ΙΙ
1509 2534 1595 2574 134
1627 2532 1675 2574 et
1704 2530 1809 2586 Sty-

108 2585 211 2642 gios
243 2590 277 2628 P
318 2585 487 2631 Venett.
514 2589 530 2644 ΙΙ
552 2588 649 2633 fere
680 2589 872 2646 iungere
897 2596 918 2632 t
940 2590 956 2646 ΙΙ
982 2594 1066 2634 135
1091 2590 1251 2647 magni
1277 2594 1310 2632 P
1333 2590 1491 2647 magei
1514 2595 1534 2631 t
1561 2591 1566 2643 Ι
1593 2588 1726 2632 iuuet
1748 2587 1812 2646 ΡΗ

13 2679 18 2705 ·,
108 2665 195 2704 136
227 2647 509 2717 Carphthius
532 2666 565 2703 P
592 2663 599 2717 Ι
625 2665 815 2719 peracto
852 2667 885 2705 P
916 2663 1116 2719 probato
1150 2664 1283 2708 ceteri
1305 2664 1322 2720 ΙΙ
1348 2668 1428 2706 137
1455 2663 1652 2706 lustrare
1677 2661 1808 2706 vadis

107 2722 143 2761 G
170 2720 176 2775 Ι
203 2719 344 2765 litora
375 2733 485 2763 seva
514 2726 535 2762 t
557 2722 572 2777 ΙΙ
608 2726 690 2765 139
724 2721 790 2766 ibi
821 2726 854 2764 P
886 2723 902 2779 ΙΙ
936 2727 1018 2766 141
1054 2721 1239 2767 Grande
1272 2722 1423 2779 magis
1454 2727 1474 2764 t
1507 2720 1628 2766 Cede
1657 2721 1808 2778 magis

107 2781 143 2820 G
170 2779 176 2833 Ι
202 2778 314 2823 ficta,
343 2783 376 2821 P
407 2778 508 2822 fata
539 2781 671 2824 ceteri
703 2782 719 2837 ΙΙ
761 2786 845 2825 142
887 2781 1082 2826 crimina
1113 2781 1252 2826 foeda
1284 2785 1319 2824 G
1358 2780 1571 2838 tegmina
1610 2793 1719 2823 vera
1750 2785 1771 2822 t
1796 2779 1808 2838 ΙΙ

109 2841 193 2940 1143
225 2838 351 2939 Annia
381 2837 503 2882 foret
535 2852 562 2891 p
608 2838 715 2884 Ala.
760 2842 766 2896 1
807 2840 914 2897 ipse
946 2844 978 2883 P
1010 2840 1091 2885 1116
1126 2842 1259 2885 ceteri
1296 2842 1312 2896 ΙΙ
1360 2845 1444 2884 145
1484 2838 1809 2896 placandaque

141 2910 270 2940 ivum
