2028 3190
631 705 698 766 P.
744 706 1051 765 PAPINII
1100 705 1364 765 STATII

524 836 1467 918 THEBAIDOS

765 1012 1223 1066 LIBERXII.

226 1233 482 1287 Nondum
523 1237 713 1287 cuncta
752 1234 878 1303 polo
919 1234 1054 1303 vigil
1092 1234 1448 1287 inclinaverat
1487 1237 1634 1287 astra

154 1307 318 1361 Ortus
360 1311 414 1361 et
452 1308 748 1360 instantem
789 1325 954 1361 cornu
992 1309 1236 1360 tenuiore
1278 1307 1494 1360 videbat

154 1380 309 1434 Luna
349 1381 513 1450 diem,
551 1381 791 1451 trepidas
831 1381 927 1434 ubi
966 1382 1075 1433 iam
1116 1381 1373 1434 Tithonia
1411 1382 1582 1434 nubes

153 1454 395 1508 Discutit
433 1473 495 1508 ac
533 1455 716 1508 reduci
754 1472 1012 1526 magnum
1053 1458 1212 1524 parat
1252 1455 1471 1508 aethera
1508 1453 1752 1508 Phoebo:

155 1528 393 1598 Agmina
430 1529 541 1582 iam
579 1529 716 1582 raris
756 1528 988 1582 Dircaea
1027 1529 1317 1598 penatibus
1358 1532 1561 1597 errant,
1817 1540 1843 1581 5

154 1601 345 1656 Noctis
386 1604 577 1671 questa
617 1620 821 1671 moras;
863 1603 1110 1672 quamvis
1148 1606 1278 1655 tunc
1318 1603 1433 1656 otia
1470 1602 1686 1655 tandem

155 1674 231 1729 Et
268 1676 472 1746 primus
512 1679 639 1745 post
677 1676 820 1729 bella
862 1694 1047 1746 sopor,
1086 1679 1268 1730 tamen
1310 1693 1472 1746 aegra
1513 1677 1747 1746 quietem

154 1749 267 1803 Pax
306 1750 464 1820 fugat
503 1753 558 1803 et
598 1751 746 1804 saevi
785 1751 1033 1804 meminit
1071 1750 1302 1803 victoria
1340 1750 1486 1803 belli.

155 1822 264 1876 Vix
303 1823 479 1892 primo
518 1824 761 1893 proferre
801 1824 1030 1894 gradum
1070 1827 1123 1876 et
1161 1824 1462 1893 munimina
1501 1823 1633 1876 valli

161 1893 403 1965 Solvere,
442 1898 532 1950 vix
570 1899 718 1950 totas
756 1915 996 1950 reserare
1037 1897 1261 1950 audacia
1298 1901 1510 1964 portas;
1793 1910 1844 1948 10

162 1967 322 2023 Stant
360 1973 567 2024 veteres
609 1973 733 2024 ante
774 1989 871 2024 ora
909 1973 1084 2023 metus
1126 1971 1407 2040 campique
1447 1970 1690 2023 vacantis

158 2043 386 2098 Horror:
426 2047 487 2097 ut
526 2044 747 2097 adsiduo
786 2044 1002 2098 iactatis
1044 2062 1273 2113 aequore
1313 2044 1475 2097 tellus

157 2117 340 2170 Prima
379 2118 555 2187 labat,
594 2119 670 2171 sic
711 2118 934 2172 attoniti
971 2118 1051 2171 nil
1092 2118 1391 2171 comminus
1432 2118 1509 2171 ire

160 2190 428 2245 Mirantur
467 2191 720 2262 fusasque
760 2195 957 2261 putant
997 2191 1284 2262 adsurgere
1325 2195 1550 2245 turmaS.

162 2262 248 2318 Sic
286 2265 379 2318 ubi
419 2265 731 2335 perspicuae
771 2265 1118 2320 scandentem
1156 2265 1347 2319 limina
1384 2266 1549 2318 turris
1793 2276 1846 2316 15

159 2337 365 2391 Idaliae
403 2339 646 2392 volucres
685 2340 896 2393 fulvum
936 2357 1192 2408 aspexere
1232 2340 1543 2409 draconem,

281 2472 350 2512 11.
387 2467 555 2512 ‘Stant
587 2495 641 2501 —
674 2470 854 2513 metus'
892 2469 1040 2514 Serv.
1074 2469 1134 2512 ad
1164 2468 1277 2513 Aen.
1312 2469 1376 2514 VI
1409 2473 1509 2515 520.

286 2590 307 2629 1
341 2585 475 2642 polos
507 2590 540 2628 Ρ
562 2587 578 2642 ΙΙ
602 2591 627 2630 3
659 2586 843 2643 tepidas
877 2586 1121 2642 subitost-lm
1154 2586 1359 2631 tithonia
1385 2591 1418 2630 B
1449 2585 1658 2643 trepidas
1691 2584 1847 2628 subito

160 2644 210 2700 ij
232 2644 386 2689 titona
410 2643 445 2700 (i
469 2646 528 2691 al.
553 2659 609 2689 m.
634 2648 881 2702 suprascr.)
908 2647 965 2688 θ’
987 2647 1196 2714 trepidas
1222 2645 1378 2690 subito
1403 2661 1429 2700 p
1454 2646 1593 2690 Behh.
1617 2643 1811 2688 Gronov.
1835 2643 1841 2701 Ι

160 2702 360 2748 tritonia
389 2708 458 2746 ΡΒ
490 2717 565 2760 pr.
598 2718 654 2748 m.
679 2706 745 2762 116
775 2704 1033 2761 Noctisque
1065 2707 1159 2750 1sta
1188 2710 1221 2748 Ρ
1243 2708 1259 2763 ss
1283 2710 1309 2750 8
1341 2704 1458 2750 belli
1488 2719 1547 2747 m.
1580 2718 1621 2748 v.
1656 2702 1786 2746 saeui
1816 2706 1849 2744 Ρ

164 2762 295 2808 saeui
324 2777 384 2809 m.
416 2777 459 2806 v.
492 2761 607 2807 belli
638 2764 808 2820 ceterin
834 2769 888 2809 10
919 2765 1048 2809 tutas
1079 2765 1389 2810 Baehrensius
1412 2766 1427 2820 [l
1453 2768 1503 2807 11
1549 2761 1759 2807 vocantis
1792 2761 1849 2804 θ’

114 2833 119 2837 ·
161 2835 232 2878 pr.
265 2836 321 2868 m.
354 2823 574 2879 B(?)oB'r
608 2821 727 2867 Oolb.
762 2823 915 2868 Paris.
950 2828 1074 2869 8053
1105 2824 1332 2869 Barthius
1373 2826 1449 2879 (sc.
1490 2822 1552 2866 ad
1575 2822 1800 2878 puqnam)
1833 2821 1847 2877 ξι

167 2885 222 2924 15
251 2880 528 2938 prospicuae
560 2895 603 2924 m
633 2881 731 2926 edd.
