2028 3190
687 170 1031 216 THEBAIDOS
1063 170 1174 215 LIB.
1206 170 1261 215 X.
1714 169 1817 222 281

135 293 367 349 Incohat
405 296 459 346 et
498 294 707 344 maesto
749 309 1035 344 conversus
1076 291 1145 345 ad
1185 291 1406 344 aethera
1443 291 1599 344 vultu

140 367 228 423 Sic
268 367 371 421 ait:
411 366 684 420 ‘Arcanae
723 365 1053 419 moderatrix
1094 363 1332 434 Cynthia
1370 366 1569 436 noctiS‚
1741 376 1827 418 365

138 441 197 496 Si
235 444 291 494 te
329 439 648 511 tergeminis
685 439 974 508 perhibent
1010 439 1222 493 variare
1260 439 1450 508 figuris

135 516 355 570 Numen
394 520 448 568 et
485 515 543 567 in
582 513 747 567 silvas
789 513 893 566 alio
936 514 1252 567 descendere
1291 514 1466 582 vultu,

137 589 235 642 Ille
276 606 455 643 comes
492 605 663 657 nuper
700 605 1086 656 nemorumque
1125 587 1357 657 insignis
1397 588 1674 656 alummoe,

136 663 237 718 Ille
277 666 404 715 tuus
415 705 430 732 7
468 660 670 731 Diana,
709 679 843 731 puer
881 661 1048 731 (nunc
1086 662 1291 730 respice
1333 661 1554 731 saltem)

139 735 464 799 Quaeritur'.
532 735 778 789 Incendit
815 735 1000 803 pronis
1042 735 1140 788 dea
1179 735 1424 788 curribus
1465 735 1667 787 almum
1744 747 1831 787 370

140 809 299 865 Sidus
339 814 396 864 et
435 809 656 862 admoto
697 810 1025 863 monstravit
1063 809 1252 862 funera
1291 827 1470 863 cornu,

137 883 425 955 Apparent
464 884 640 953 campi
679 883 1005 953 Thebaeque
1046 884 1292 952 altusque
1334 880 1648 936 Cithaeron:

139 956 228 1011 Sic
266 959 360 1011 ubi
398 961 727 1011 nocturnum
766 958 975 1011 tonitru
1013 958 1191 1011 malus
1232 957 1454 1010 aethera
1491 956 1700 1026 frangit

141 1032 411 1101 Iuppiter,
451 1032 714 1084 absiliunt
752 1032 924 1084 nubes
965 1035 1019 1084 et
1056 1032 1264 1100 fulgere
1305 1032 1449 1083 claro

139 1106 308 1159 Astra
346 1108 567 1175 patent,
609 1106 927 1175 subitusque
967 1105 1138 1159 oculis
1179 1105 1482 1158 ostenditur
1522 1104 1685 1158 orbis,
1746 1115 1832 1157 375

143 1179 373 1249 Accepit
411 1180 593 1233 radios
634 1182 688 1232 et
727 1180 914 1233 eadem
951 1180 1189 1248 percitus
1228 1177 1473 1248 Hopleus

140 1253 325 1322 Tydea
362 1254 481 1307 luce
519 1254 692 1323 videt3
731 1254 893 1323 longe
934 1254 1067 1306 dant
1106 1254 1266 1323 signa
1303 1271 1400 1323 per
1438 1253 1660 1305 umbras

139 1326 332 1380 Mutua
370 1327 661 1396 laetanteS,
700 1330 754 1379 et
793 1328 1028 1380 amicum
1066 1328 1277 1395 pondus
1317 1330 1566 1395 uterque,

142 1399 257 1454 Ceu
294 1399 515 1452 reduces
554 1401 701 1453 vitae
741 1418 1007 1469 saevaque
1048 1420 1080 1453 a
1118 1404 1293 1453 morte
1333 1401 1610 1469 remiSSOS,

142 1473 396 1528 Subiecta
436 1475 640 1527 cervice
679 1474 884 1544 levant3
923 1492 1021 1526 nec
1061 1475 1385 1543 verbasnec
1426 1473 1545 1525 ausi
1745 1485 1830 1525 380

141 1547 298 1600 Flere
338 1547 454 1600 diu:
492 1566 659 1617 prope
701 1566 861 1600 saeva
900 1547 1013 1600 dies
1052 1548 1316 1616 indexque
1357 1548 1595 1599 minatur

143 1620 323 1674 Ortus.
399 1620 550 1674 Eunt
588 1621 742 1674 taciti
782 1639 878 1690 per
918 1626 1127 1674 maesta
1167 1622 1388 1674 silentia
1426 1621 1641 1690 magnis

141 1694 402 1748 Passibus
443 1695 839 1764 exhaustasque
881 1695 1066 1749 dolent
1103 1696 1311 1764 pallere
1350 1694 1617 1748 tenebras

215 1768 406 1822 Invida
443 1769 558 1822 fata
595 1770 702 1838 piis
744 1774 799 1822 et
836 1769 951 1822 fors
990 1770 1300 1839 ingentibus
1343 1769 1490 1821 ausis

142 1842 289 1895 Rara
302 1859 495 1895 comes
519 1842 638 1895 Iam
652 1847 831 1895 castra
843 1843 1028 1895 vident
1042 1842 1341 1911 animisque
1354 1842 1734 1911 propinquant,
1748 1853 1833 1895 385

142 1915 219 1968 Et
258 1915 516 1968 decrescit
555 1934 712 1985 onuS,
753 1916 923 1968 subiti
963 1934 1083 1968 cum
1121 1916 1361 1985 pulveris
1401 1915 1595 1968 umbra

143 1988 219 2041 Et
259 2007 420 2042 sonus
461 2008 493 2041 a
531 1993 701 2058 tergo,
777 1989 988 2042 Monitu
1027 1990 1176 2043 ducis
1217 2007 1339 2042 acer
1379 1989 1579 2058 agebat

58 2076 63 2083 ·
144 2063 421 2131 Amphion
461 2064 691 2134 equiteS,
730 2068 945 2116 noctem
985 2063 1318 2133 vigilataque
1360 2066 1538 2115 castra

144 2135 447 2206 Explorare
487 2137 668 2206 datu8‚
706 2137 1020 2206 primusque
1059 2156 1156 2206 per
1196 2137 1319 2190 avia
1359 2136 1536 2205 campi

144 2209 331 2279 Usque
370 2211 559 2279 procul
599 2209 850 2282 (necdum
889 2215 1036 2264 totas
1069 2213 1160 2264 lux
1193 2211 1431 2263 solverat
1462 2207 1707 2280 umbras)
1748 2222 1835 2263 390

267 2352 352 2391 384
378 2362 440 2402 sq.
479 2347 671 2392 ‘Invida
703 2375 758 2381 —
792 2349 971 2393 comes'
1009 2348 1163 2393 Serv.
1199 2348 1257 2391 ad
1290 2347 1402 2391 Aen.
1439 2347 1501 2390 IX
1532 2353 1633 2392 214.

268 2478 353 2516 368
370 2485 610 2515 nemorum
629 2476 734 2529 (que
751 2477 852 2529 om.)
870 2479 902 2516 P
925 2475 941 2530 ΙΙ
965 2478 1050 2518 370
1070 2472 1276 2517 intendit
1293 2478 1327 2516 G
1344 2474 1571 2518 Barthius
1592 2473 1596 2531 Ι
1618 2471 1834 2516 cornibus

152 2532 467 2575 Marklandus
494 2533 503 2587 ι
529 2531 688 2575 album
718 2532 1020 2588 Wakefieldus
1042 2535 1058 2589 ΙΙ
1081 2538 1163 2577 371
1190 2532 1487 2576 monstrabat
1510 2533 1675 2575 funera
1699 2544 1835 2574 curru

152 2590 465 2634 Marklandus
527 2590 682 2634 sidera
713 2605 848 2634 curru
871 2597 903 2634 P
927 2593 943 2648 ΙΙ
967 2593 1100 2636 Inter
1131 2606 1171 2638 v.
1205 2596 1295 2637 375
1320 2597 1361 2637 et
1385 2595 1476 2636 376
1500 2593 1553 2635 in
1578 2606 1599 2633 o
1625 2592 1836 2647 leyumwr

147 2650 275 2694 haec:
317 2593 536 2691 Archada
574 2662 682 2693 mox
713 2649 863 2694 dimas
894 2649 1022 2694 nuda
1051 2649 1220 2694 tellure
1251 2652 1484 2694 iacentem
1508 2653 1523 2705 ΙΙ
1547 2653 1632 2692 380
1672 2648 1836 2691 lavant

150 2713 183 2751 P
214 2707 404 2751 laevant
437 2712 463 2749 8
501 2709 706 2764 mutant,
747 2711 805 2753 al.
830 2723 896 2761 yn.
929 2722 1157 2766 suprascr.
1201 2708 1360 2754 ferunt
1390 2711 1447 2752 (³²
1483 2709 1497 2764 [Ι
1533 2712 1619 2751 384
1650 2705 1835 2750 fatidici

152 2766 235 2811 sed
274 2766 368 2811 fors
408 2771 440 2809 P
478 2769 494 2823 ΙΙ
533 2771 617 2810 385
659 2768 890 2824 armisque
929 2783 955 2822 p
1000 2767 1259 2814 Gronovius
1294 2773 1311 2825 ΙΙ
1350 2773 1434 2813 387
1459 2781 1550 2823 sqq.
1594 2765 1661 2820 Of.
1706 2765 1833 2823 Very.

150 2827 264 2870 Aen.
300 2827 387 2869 IX
419 2830 510 2871 367
533 2839 624 2882 sqq.
649 2828 664 2882 ΙΙ
689 2831 772 2871 387
805 2825 884 2870 Fit
915 2831 1039 2869 GHT
1070 2828 1168 2872 edd.
1200 2833 1300 2873 vett.
1326 2828 1459 2885 prob.
1493 2825 1688 2869 Heinsio
1710 2826 1726 2881 ΙΙ
1749 2829 1833 2869 389

151 2882 409 2939 Explorata
438 2889 471 2927 P
499 2888 505 2941 Ι
533 2885 668 2928 datos
700 2886 966 2930 Koestlimcs
988 2887 1004 2943 ΙΙ
1028 2891 1113 2930 390
1144 2885 1329 2942 Tesqua
1359 2882 1522 2941 procul
1555 2884 1776 2928 Heinsius
