2028 3190
670 163 1014 210 THEBAIDOS
1044 164 1154 208 LIB.
1186 163 1241 208 X.
1709 162 1818 215 275

127 287 392 358 Regibus,
431 287 566 341 haut
606 288 737 340 laeti
778 306 940 357 seque
979 287 1085 340 huc
1124 286 1358 340 crevisse
1399 284 1658 338 dolentes

127 360 255 415 Non
293 379 445 415 secus
486 362 683 415 amisso
723 362 960 415 medium
999 379 1118 414 cum
1156 359 1402 430 praeside
1439 358 1638 429 puppis

126 434 318 507 Fregit
356 437 480 501 iter,
521 436 670 488 subit
708 435 774 489 ad
815 436 964 489 vidui
1001 434 1371 489 moderamina
1409 433 1552 487 clavi

127 509 242 563 Aut
280 511 512 564 laterum
552 514 757 579 custos,
797 513 892 563 aut
932 528 1087 578 quem
1127 526 1293 579 penes
1334 508 1497 562 obvia
1535 508 1704 575 ponto

127 583 298 638 Prora
333 583 465 637 fuit:
506 587 688 653 stupet
725 584 848 653 ipsa
885 584 1020 636 ratis
1059 584 1319 652 tardeque
1359 583 1654 651 sequuntur
1734 591 1817 632 185

127 657 320 727 Arma,
357 676 458 711 nec
497 658 701 711 accedit
740 658 957 711 domino
996 658 1169 710 tutela
1207 656 1418 709 minori.

126 731 277 802 Ergo
318 732 493 786 alacer
530 731 772 801 trepidos
814 732 890 785 sic
930 731 1092 801 erigit
1131 747 1303 800 augur
1341 729 1602 782 Achivos:

130 804 358 876 ‘Magna
397 806 557 859 deum
596 806 877 875 mandata,
917 806 1105 875 duceS‚
1143 804 1499 873 monitusque.
1527 802 1788 855 verendos

127 879 481 948 Advehimus‚
519 898 626 932 non
665 879 769 933 hae
808 882 997 932 nostro
1038 879 1102 932 de
1140 881 1358 948 pectore
1397 894 1575 930 voces:

126 953 227 1007 Ille
268 954 435 1023 canit,
475 954 561 1007 cui
599 972 685 1006 me
723 953 977 1006 famulari
1018 955 1072 1006 et
1112 970 1324 1006 sumere
1364 952 1531 1005 vittas
1733 963 1817 1004 190

126 1027 327 1081 Vestra
364 1027 520 1096 fides,
559 1028 679 1097 ipso
718 1046 830 1081 non
870 1027 1235 1097 discordante,
1275 1026 1504 1095 subegit.

125 1099 248 1155 Nox
287 1101 517 1155 fecunda
557 1119 780 1171 operum
819 1101 1184 1171 pulchraeque
1226 1098 1573 1154 accommoda
1610 1098 1789 1152 fraudi

124 1173 388 1228 Panditur
428 1176 654 1246 augurio
697 1176 902 1244 divum3
941 1179 1100 1229 vocat
1139 1174 1301 1228 obvia
1338 1174 1534 1242 virtUS,

124 1248 200 1302 Et
238 1250 413 1318 poscit
450 1249 672 1303 fortuna
710 1268 917 1303 manus.
995 1248 1191 1318 Stupet
1230 1249 1425 1301 obruta
1466 1264 1654 1300 somno

125 1322 397 1375 Aonidum
437 1323 604 1392 legio:
642 1326 857 1392 tempus
895 1342 1037 1376 nunc
1076 1323 1266 1376 funera
1304 1339 1497 1392 regum
1732 1331 1815 1372 195

126 1395 333 1449 Ulcisci
369 1397 732 1465 miserumque
771 1397 934 1465 diem3
974 1397 1151 1465 rapite
1182 1414 1334 1448 arma
1373 1411 1660 1462 morasque

126 1467 387 1539 Frangite
426 1472 736 1538 portarum:
778 1470 938 1523 sociis
977 1470 1081 1523 hoc
1121 1470 1344 1522 subdere
1384 1469 1655 1535 fiammaS‚

127 1542 247 1597 Hoc
285 1544 556 1596 tumulare
596 1562 736 1597 suos,
812 1543 1080 1613 Equidem
1119 1544 1253 1596 haec
1294 1546 1349 1595 et
1387 1541 1563 1595 Marte
1605 1541 1794 1594 diurno

125 1616 271 1670 Dum
309 1635 395 1670 res
433 1617 696 1670 infractae
733 1618 981 1687 pulsique
1022 1618 1078 1670 in
1117 1620 1272 1686 terga
1311 1616 1549 1669 redimus

127 1690 254 1758 (Per
291 1691 537 1759 tripodas
576 1692 694 1744 iuro
735 1695 789 1743 et
826 1692 973 1761 rapti
1010 1710 1152 1744 nova
1190 1690 1308 1744 fata
1346 1685 1624 1759 magistri)
1731 1702 1817 1742 200

126 1763 276 1834 Vidi,
317 1768 371 1817 et
409 1783 494 1817 me
533 1765 781 1818 volucres
822 1765 1025 1818 circum
1063 1766 1312 1834 plausere
1354 1762 1631 1817 secundae.

128 1836 231 1890 Sed
269 1856 411 1890 nunc
452 1841 598 1890 certa
635 1839 782 1892 fides,
858 1838 1020 1891 Modo
1062 1857 1147 1891 me
1189 1839 1289 1891 sub
1329 1840 1490 1890 nocte
1531 1837 1713 1889 silenti

126 1910 280 1980 Ipse,
317 1911 434 1980 ipse
475 1911 772 1982 adsurgens
811 1912 1008 1965 iterum
1047 1912 1239 1964 tellure
1281 1911 1483 1978 soluta,

128 1983 317 2047 Qualis
358 1988 476 2037 erat
514 1983 684 2053 (solos
723 1985 981 2039 infecerat
1017 1986 1211 2038 umbra
1248 1983 1505 2053 iugales),

127 2058 492 2127 Amphiaraus
533 2059 670 2112 adit:
710 2077 819 2111 non
858 2077 1027 2112 vanae
1067 2061 1312 2111 monstra
1351 2057 1569 2126 quietiS‚
1729 2069 1814 2109 205

125 2131 240 2185 Nec
280 2150 467 2185 somno
507 2136 786 2201 comperta
823 2134 1029 2203 loquor.
1107 2130 1309 2185 ‘Tune'
1354 2131 1547 2200 inquit,
1588 2128 1815 2182 ‘inertes

125 2205 410 2259 Inachidas
451 2205 634 2274 (redde
673 2206 805 2260 haec
843 2206 1107 2260 Parnasia
1147 2209 1290 2258 serta
1330 2222 1585 2274 meosque

126 2279 308 2332 Redde
348 2278 500 2350 deos)
539 2284 749 2334 tantam
789 2282 995 2349 patiere
1035 2280 1284 2333 amittere
1323 2281 1561 2346 noctem,

127 2351 414 2421 Degener?
454 2353 587 2407 haec
627 2358 842 2424 egomet
880 2354 1016 2407 caeli
1055 2357 1262 2407 secreta
1300 2370 1576 2423 vagosque

127 2425 334 2478 Edocui
373 2426 593 2494 lapsus?
634 2427 766 2480 vade
805 2428 952 2496 heia,
990 2429 1248 2481 ulciscere
1287 2427 1430 2479 ferro
1725 2438 1812 2478 210

127 2497 243 2551 Nos
283 2499 526 2551 salteml'
604 2499 783 2570 Dixit,
821 2519 1011 2570 meque
1051 2501 1184 2553 haec
1225 2500 1292 2553 ad
1330 2500 1521 2552 limina
1560 2498 1708 2552 visus

129 2570 363 2641 Cuspide
403 2574 620 2626 sublata
657 2578 880 2644 totoque
919 2575 1197 2643 impellere
1238 2592 1408 2627 curra.

129 2645 304 2708 Quare
353 2646 519 2715 agite,
565 2647 821 2700 utendum
863 2649 1093 2717 superis3
1139 2666 1248 2700 non
1288 2646 1587 2701 comminus
1627 2645 1812 2696 hostes

248 2765 332 2805 183
367 2761 428 2805 ad
460 2760 591 2805 dubii
622 2767 654 2804 P
678 2762 692 2818 ΙΙ
719 2767 802 2807 185
836 2763 1055 2807 secuntur
1085 2767 1118 2806 B
1155 2763 1351 2818 sequuta
1381 2761 1506 2805 Dan.
1533 2761 1547 2816 ΙΙ
1576 2764 1658 2803 194
1689 2757 1813 2803 iacet

129 2819 296 2864 obruta
327 2820 552 2865 Bao-thius
575 2822 589 2876 11
616 2826 698 2865 197
730 2820 834 2876 hoc,
866 2823 925 2867 al.
958 2836 1014 2866 m.
1046 2835 1276 2879 suprascr.
1309 2820 1451 2865 liceat
1481 2824 1513 2861 P
1537 2822 1551 2875 fl
1579 2823 1661 2862 198
1693 2818 1812 2863 haec

128 2882 161 2920 P
190 2877 280 2923 hoc
310 2882 443 2924 ceteri
465 2883 480 2937 ΙΙ
504 2885 588 2925 207
620 2879 786 2924 reddes
818 2885 850 2923 P
873 2882 888 2937 ΙΙ
912 2884 999 2925 210
1031 2881 1172 2925 suade
1203 2884 1237 2923 B
1263 2894 1338 2937 pr.
1372 2894 1427 2923 m.
1463 2879 1723 2920 wacena·

1371 2951 1458 2997 18*
