2008 3198
222 167 330 223 130
795 168 846 212 P.
878 166 1106 212 PAPINII
1138 166 1334 212 STATII

220 289 345 346 Sole
384 289 497 343 dies
536 289 728 342 miscet
764 290 1040 358 tenebras,
1079 288 1199 357 quis
1236 287 1485 357 protinus
1523 288 1668 342 unda
1825 294 1913 344 8015

219 362 511 434 Concolor3
552 363 737 417 obnixi
775 363 1018 416 lacerant
1057 379 1193 415 cava
1228 362 1418 415 nubila
1456 363 1606 417 venti

218 438 605 507 Diripiuntque
644 437 866 506 fretum,
903 436 1078 507 nigris
1117 435 1258 488 redit
1294 435 1479 489 umida
1512 436 1680 490 tellus

217 511 551 581 VerticibuS‚
589 514 878 581 totumque
916 510 1062 564 notis
1103 510 1437 564 certantibus
1477 516 1679 580 aequor

217 586 427 640 Pendet
466 588 521 638 et
555 588 790 655 arquato
829 585 1051 638 iamiam
1089 602 1259 653 prope
1301 584 1479 637 sidera
1517 584 1680 638 dorse

217 659 536 730 Frangitur,
573 660 810 713 incertae
849 676 948 711 nec
986 658 1097 711 iam
1135 658 1286 728 prior
1316 659 1554 728 impetus
1593 658 1742 728 alne,
1825 667 1914 714 πο

218 733 324 788 Sed
363 735 516 787 labat
556 736 832 787 extantem
871 732 1063 786 rostris
1103 731 1263 786 modo
1304 733 1528 802 gurgite.
1559 732 1619 786 in
1656 732 1771 786 imo

215 807 376 863 Nunc
415 808 564 861 caelo
604 807 837 861 Tritona
873 807 1068 860 ferens.
1143 805 1260 860 Nec
1298 807 1498 860 robora
1535 808 1768 875 prosunt

218 880 525 936 Semideum
563 882 816 951 heroum,
855 898 1196 949 puppemque
1235 881 1430 934 insana
1467 879 1714 950 flagellat

216 955 399 1009 Arbor
437 959 493 1009 et
531 956 776 1009 instabili
813 955 1172 1024 procumbens
1211 955 1448 1023 pondere
1489 969 1679 1008 curvas

215 1030 425 1100 Raptat
461 1049 653 1100 aquas,
691 1029 935 1098 remique
975 1029 1173 1081 cadunt
1211 1029 1270 1081 in
1308 1033 1497 1097 pectus
1537 1028 1739 1083 inanes,
1825 1039 1913 1083 375

215 1103 332 1171 Nos
374 1122 584 1174 quoque
631 1122 728 1172 per
766 1121 930 1172 rupes
974 1115 1356 1171 murorumque
1395 1119 1593 1172 aggere
1633 1102 1703 1155 ab
1743 1102 1914 1173 omni,

214 1177 361 1231 Dum
400 1178 558 1231 labor
596 1178 687 1230 ille
727 1177 858 1230 viris
897 1177 1144 1246 fretaque
1187 1177 1543 1245 indignantur
1581 1179 1638 1229 et
1676 1178 1915 1246 austu-OS,

214 1251 461 1320 Desuper
500 1251 752 1305 invalidis
792 1250 1068 1303 fluitantia
1107 1250 1220 1304 tela
1257 1250 1473 1303 lacertis

216 1325 382 1394 (Quid
419 1344 531 1379 non
569 1343 702 1379 ausa
740 1324 994 1391 manus?)
1049 1324 1346 1377 Telamona
1385 1327 1440 1377 et
1475 1323 1639 1376 Pelea
1677 1326 1865 1378 contra

216 1397 563 1470 spargimus,
603 1402 659 1452 et
696 1401 887 1452 nostro
927 1398 1133 1467 petitur
1173 1398 1494 1467 Tirynthius
1535 1415 1678 1452 arcu.
1824 1408 1914 1453 880

213 1472 303 1526 Illi
344 1470 568 1545 (quippe
609 1473 772 1526 simul
810 1473 953 1525 bello
992 1472 1297 1542 pelagoque
1335 1469 1609 1542 laborant)

214 1546 350 1602 Pars
391 1547 579 1617 clipeis
621 1547 831 1600 munire
870 1549 1069 1616 ratem,
1106 1564 1236 1616 pars
1278 1564 1514 1616 aequora
1551 1544 1719 1599 fundo

213 1620 475 1692 Egerere3
517 1624 602 1674 ast
642 1621 735 1674 alii
774 1622 1043 1690 pugnant,
1084 1620 1179 1673 sed
1217 1620 1416 1674 inertia
1453 1623 1605 1673 motu

214 1693 479 1764 Corpora,
519 1712 918 1763 suspensaeque
958 1696 1144 1747 carent
1183 1694 1462 1747 conamine
1501 1693 1656 1747 vires.

212 1768 488 1822 Instamus
528 1769 675 1821 iactu
713 1768 972 1837 telorum,
1011 1770 1066 1820 et
1103 1767 1279 1820 ferrea
1316 1767 1518 1820 nimbis
1822 1778 1910 1820 385

214 1841 402 1896 Certat
438 1842 636 1913 hiem,
675 1845 971 1911 vastaeque
1011 1841 1168 1894 sudes
1207 1841 1475 1911 fractique
1514 1841 1747 1895 molares

215 1915 539 1986 Spiculaque
581 1919 635 1969 et
674 1916 849 1969 multa
888 1915 1142 1968 crinitum
1181 1915 1386 1968 missile
1425 1915 1646 1967 flamma

211 1990 370 2045 Nunc
407 1991 606 2061 pelago
638 2007 781 2043 nunc
812 2007 991 2060 puppe
1028 1989 1250 2057 cadunt,
1290 1990 1386 2042 dat
1417 1992 1608 2059 operta
1638 1987 1912 2059 fragorem

211 2064 378 2118 Pinus
389 2107 403 2134 ,
443 2068 499 2118 et
539 2065 810 2118 abiunctis
850 2066 1136 2131 regemunt
1173 2063 1422 2116 tabulata
1462 2062 1718 2116 cavernis.

211 2137 360 2191 Talis
399 2137 758 2207 Hyperborea
797 2137 995 2189 virides
1035 2137 1157 2189 nive
1198 2137 1448 2189 verberat
1488 2152 1648 2216 agros
1817 2146 1905 2189 390

210 2210 478 2281 Iuppiter3
522 2212 771 2265 obruitur
811 2210 1017 2279 campis
1059 2227 1227 2278 genus
1270 2227 1428 2262 omne
1466 2208 1726 2278 ferarum,

209 2283 629 2354 Deprensaeque
670 2284 869 2336 cadunt
908 2284 1178 2351 volucreS‚
1219 2285 1273 2335 et
1311 2283 1502 2335 messis
1544 2300 1729 2336 amaro

211 2355 398 2413 Strata
437 2358 584 2427 gelu,
623 2358 810 2426 fragor
850 2357 974 2410 inde
1013 2357 1178 2426 iugiS,
1218 2357 1342 2409 inde
1382 2357 1632 2410 amnibus
1672 2356 1798 2410 irae.

209 2430 288 2485 Ut
328 2450 456 2485 vero
497 2432 645 2485 elisit
682 2431 854 2484 nubes
892 2430 1022 2484 Iove
1059 2433 1254 2484 tortus,
1281 2431 1348 2483 ab
1390 2431 1501 2484 alto

332 2567 431 2608 386.
468 2562 740 2618 ‘vastaeque
768 2588 822 2594 -—
851 2560 1073 2605 molares’
1108 2559 1383 2606 Priscian.
1417 2561 1459 2605 V
1491 2566 1532 2617 5,
1565 2566 1620 2606 31
1654 2574 1698 2617 p.
1733 2564 1817 2605 161
1849 2558 1905 2603 Η.

332 2685 418 2728 368
451 2680 742 2726 certantibus
774 2684 806 2722 P
836 2678 947 2725 Βοὴ.
995 2679 1293 2737 portantibus
1330 2681 1498 2737 reliqui
1528 2681 1550 2737 -ΙΙ
1589 2683 1677 2724 369
1707 2677 1904 2733 arquato

210 2746 285 2786 PB
317 2755 461 2799 mam.
508 2741 711 2797 aequato
753 2741 885 2785 ceteri
926 2741 932 2795 Ι
974 2737 1071 2783 iam
1107 2752 1252 2797 prope
1284 2744 1315 2782 P
1355 2741 1370 2796 Η
1409 2744 1497 2785 370
1533 2751 1620 2783 nec
1658 2735 1755 2781 iam
1791 2739 1905 2791 PpG

208 2822 307 2925 {am
335 2824 691 2926 ηθρᾱΒΠΒΙΙΜὸΜ
723 2804 915 2880 pectore
946 2826 979 2863 P
1021 2821 1071 2878 Α
1115 2821 1322 2878 pondere
1354 2826 1386 2864 P
1416 2834 1558 2879 mary.
1581 2821 1599 2877 ΙΙ
1622 2823 1709 2864 390
1739 2815 1903 2862 viridis

252 2897 275 2925 0
320 2897 411 2927 Vlrl
447 2896 495 2926 GS
