2028 3190
662 162 1001 208 THEBAIDOS
1034 163 1146 209 LIB.
1178 162 1299 207 VIII.
1721 161 1827 214 211

138 286 341 338 Arceat
380 285 655 338 exanimes
696 289 750 338 et
788 284 1041 338 Manibus
1081 284 1303 338 aethera
1339 283 1498 336 nudis

140 358 531 414 Commaculet:
570 359 719 412 iuvet
757 359 864 412 ista
901 358 1077 412 ferum
1118 361 1362 428 spectare
1403 357 1726 411 Tonantem.

136 433 428 487 Praeterea
466 452 535 487 ne
576 433 694 487 sola
732 433 885 487 furor
922 451 1043 486 mea
1081 449 1251 503 regna
1287 433 1546 500 lacessat,
1778 443 1832 484 75

142 506 349 570 Quaere
390 507 503 561 deis
544 507 636 576 qui
676 508 822 560 bella
859 506 1021 572 ferat,
1063 507 1154 576 qui
1193 506 1439 560 fulminis
1479 506 1634 576 ignes

138 581 508 651 Infestumque
547 580 734 635 Iovem
773 581 949 649 clipeo
989 581 1232 634 fumante
1271 581 1513 649 repellat.

136 655 286 709 Faxo
325 655 462 709 haut
500 656 573 708 sit
612 657 818 708 cunctis
858 655 1028 709 levior
1068 658 1244 708 metus
1286 657 1407 708 atra
1446 671 1662 707 movere

137 729 388 800 Tartara,
425 728 704 782 frondenti
743 747 904 798 quam
943 729 1169 798 iungere
1208 729 1402 781 Pelion
1441 726 1646 781 Ossae?

135 802 384 872 Dixerat3
423 805 585 872 atque
624 803 708 856 illi
747 803 1061 857 iamdudum
1099 803 1253 873 regia
1290 802 1464 856 tristis
1777 814 1835 854 80

137 877 403 931 Attremit
443 878 645 947 oranti,
686 896 889 947 suaque
929 881 983 931 et
1023 895 1160 946 quae
1200 878 1430 946 desuper
1469 878 1634 944 urget
1901 884 1904 885 ’

135 950 383 1004 Nutabat
420 951 608 1004 tellus:
646 970 756 1006 non
793 951 990 1005 fortius
1032 951 1252 1004 aethera
1288 952 1444 1004 vultu

137 1024 377 1095 Torquet
416 1028 471 1078 et
509 1025 788 1079 astriferos
827 1026 1057 1079 inclinat
1095 1025 1343 1096 Iuppiter
1381 1042 1524 1077 axes,

212 1097 309 1153 ‘At
346 1098 452 1152 tibi
490 1099 645 1169 quos'
684 1099 886 1170 inquit,
926 1099 1158 1168 τΜει1108,
1198 1100 1290 1170 qui
1328 1099 1504 1152 limite
1545 1116 1802 1168 praeceps

135 1172 264 1226 Non
301 1173 454 1227 licito
494 1191 592 1243 per
631 1174 791 1227 inane
830 1173 997 1227 ruis‘?
1077 1173 1234 1227 Subit
1273 1174 1366 1226 ille
1405 1174 1706 1227 minantem
1775 1185 1831 1226 85

135 1247 254 1299 Iam
292 1247 471 1301 tenuis
511 1248 656 1318 visu,
694 1248 804 1301 iam
844 1248 1261 1302 vanescentibus
1303 1248 1490 1317 armiS,

134 1320 253 1374 Iam
291 1319 477 1390 pedes:
519 1322 757 1375 extincto
794 1325 980 1375 tamen
1019 1322 1362 1391 indecerptus
1402 1322 1460 1374 in
1500 1339 1592 1374 ore

137 1394 374 1464 Augurii
411 1395 671 1463 perdurat
708 1395 904 1465 1101108,
945 1397 1278 1464 obscuraque
1317 1394 1490 1448 fronti

136 1467 294 1521 Vitta
332 1471 537 1538 manet,
575 1487 893 1538 ramumque
932 1472 1081 1523 tenet
1120 1469 1402 1522 morientis
1443 1468 1636 1523 olivae.

138 1540 215 1595 ‘Si
255 1541 384 1595 licet
423 1545 478 1595 et
517 1543 719 1596 sanctis
759 1543 848 1596 hic
888 1561 984 1597 ora
1021 1543 1293 1596 resolvere
1331 1542 1416 1595 fas
1458 1546 1541 1596 est
1775 1556 1833 1596 90

135 1614 412 1686 ManibuS,
452 1634 484 1669 0
525 1617 730 1670 cunctis
770 1617 955 1670 finitor
993 1618 1227 1670 maxime
1267 1635 1470 1686 10111111,

135 1689 213 1742 At
251 1690 409 1759 mihi,
447 1690 539 1759 qui
579 1691 849 1759 quondam
891 1710 1080 1745 causas
1122 1691 1495 1759 elementaque
1535 1708 1751 1761 noram,

133 1762 208 1816 Et
248 1764 421 1817 sator!
461 1782 581 1833 010,
621 1765 797 1818 minas
839 1766 1226 1835 stimulataque
1268 1765 1428 1819 corda
1466 1765 1729 1834 remulce,

136 1836 287 1890 Neve
325 1837 407 1889 ira
448 1837 671 1907 dignare
709 1838 983 1892 hominem
1025 1842 1078 1892 et
1115 1842 1211 1892 tua
1248 1839 1369 1892 iura
1406 1838 1708 1893 timentem.

134 1909 277 1963 Nam
299 1929 399 1963 nec
425 1910 492 1963 ad
508 1910 801 1965 Herculeos
821 1910 984 1983 (unde
1008 1913 1141 1965 haec
1166 1913 1302 1965 mihi
1319 1915 1540 1980 pectora
1551 1912 1603 1982 P)
1619 1915 1832 1982 raptus,

137 1981 251 2037 Nec
289 1983 556 2038 Venerem
594 1984 860 2039 inlicitam
900 1985 1078 2058 (crede
1118 1986 1203 2039 his
1244 1984 1573 2056 insignibus)
1615 1986 1731 2039 ausi
1771 2001 1828 2040 96

135 2056 407 2111 Intramus
447 2057 680 2112 Lethen:
720 2059 895 2130 fugiat
932 2078 1000 2113 ne
1038 2059 1215 2113 tristis
1254 2060 1312 2112 in
1353 2063 1571 2112 antrum

137 2128 426 2201 Cerberus,
466 2137 562 2186 aut
599 2136 817 2187 nostros
857 2134 1051 2187 timeat
1089 2134 1416 2203 Proserpina
1455 2152 1659 2187 currus.

134 2204 329 2276 Augur
366 2205 672 2275 Apollineis
713 2208 875 2261 modo
915 2208 1299 2261 dilectissimus
1340 2208 1470 2276 ariS‚

135 2277 333 2333 Testor
349 2280 511 2333 inane
526 2279 704 2335 Chaos
723 2279 876 2351 (quid
895 2283 1039 2336 enim
1054 2282 1143 2335 hic
1160 2282 1418 2335 iurandus
1438 2282 1640 2350 Apollo
1650 2280 1718 2351 ‘?)‚
1746 2295 1830 2335 100

136 2350 376 2406 Crimine
414 2372 524 2407 non
560 2355 675 2408 ullo
718 2357 885 2409 subeo
923 2375 1066 2410 nova
1104 2357 1240 2425 fata,
1277 2375 1377 2410 nec
1417 2357 1559 2409 alma

138 2424 226 2479 Sic
266 2427 439 2479 merui
479 2428 543 2480 de
582 2429 700 2481 luce
739 2430 880 2501 rapi3
923 2430 1024 2483 scit
1062 2430 1253 2483 iudicis
1291 2448 1436 2483 urna

255 2605 309 2644 91
339 2615 436 2656 sqq.
471 2599 718 2646 ‘Omnibus
742 2602 901 2647 finitor
924 2615 1078 2647 rerum
1102 2603 1297 2660 videris,
1331 2604 1446 2648 mihi
1469 2616 1580 2648 vero
1606 2605 1655 2648 et
1679 2602 1823 2647 sator'

142 2657 289 2703 Serv.
325 2659 385 2703 ad
417 2659 531 2703 Aen.
564 2660 630 2705 VI
661 2665 758 2707 289.

261 2825 316 2866 81
351 2823 521 2878 urguet
545 2825 618 2864 PB
649 2822 666 2877 11
695 2827 750 2867 87
776 2821 1064 2879 interceptus
1097 2825 1222 2869 codd.
1255 2826 1351 2869 edd.
1384 2823 1681 2878 indecerptus
1708 2836 1825 2868 corr.

3 2876 31 2911 ‘v'
137 2878 362 2926 Bar-thius
385 2882 402 2937 u
423 2885 478 2925 93
519 2893 601 2923 ora
636 2879 878 2926 Gevartius
900 2884 916 2939 ΙΙ
940 2888 995 2926 95
1028 2882 1207 2939 proelia
1236 2888 1268 2925 P
1291 2885 1307 2939 Η
1331 2888 1386 2927 97
1419 2895 1476 2925 110
1510 2886 1543 2924 P
1573 2894 1660 2925 nec
1691 2885 1828 2928 ceteri

1383 2956 1468 2999 14*
