2028 3190
680 147 1021 195 THEBAIDOS
1052 148 1165 193 LIB.
1198 148 1296 192 XII.
1726 147 1835 200 335

146 271 636 327 Thermodontiaco
676 272 881 324 laetum
921 287 1158 323 remeare
1197 265 1502 339 triumpho)

145 346 460 418 Imploratis
496 346 698 416 opem?
735 345 878 398 bello
919 343 1191 414 cogendus
1233 346 1287 396 et
1327 342 1491 395 armis
1749 355 1832 396 165

144 421 210 475 In
247 438 426 474 mores
466 420 844 489 hominemque
884 416 1092 472 Creon.9
1172 416 1261 470 Sic
1298 416 1445 469 fatus
1457 458 1472 485 ,
1512 419 1568 468 at
1606 415 1719 469 illis

144 495 486 549 Horruerant
523 494 799 561 lacrimae,
840 492 1152 561 stupuitque
1191 490 1445 543 immanis
1470 489 1649 543 ‘eundi

144 569 409 638 Impetus,
449 571 610 638 atque
648 585 756 621 uno
796 566 981 619 vultus
1020 565 1227 634 pallore
1267 565 1453 636 gelati.

143 642 272 696 Non
312 660 466 695 secus
506 641 728 694 adflavit
765 640 959 693 molles
1001 640 1047 691 si
1087 639 1298 708 quando
1338 639 1591 691 iuvencas

148 715 388 787 Tigridis
426 714 712 785 Hyrcanae
752 715 988 768 ieiunum
1030 731 1294 780 murmur,
1334 715 1389 765 et
1426 712 1543 781 ipse
1750 724 1833 764 170

148 789 352 844 Auditu
390 789 641 842 turbatus
682 805 836 858 ager,
874 788 1040 841 timor
1081 786 1335 840 omnibus
1375 786 1589 856 ingenS,

145 863 295 927 Quae
334 863 570 933 placeat,
610 881 744 932 quos
784 862 881 915 illa
919 861 1089 914 fames
1131 860 1384 914 escendat
1422 859 1476 913 in
1519 877 1713 912 armos.

222 935 490 991 Continuo
532 937 733 990 discors
773 936 921 990 vario
963 935 1232 988 sententia
1271 937 1425 987 motu

147 1010 439 1065 Scinditur:
479 1011 564 1063 his
605 1009 820 1064 Thebas
859 1009 1235 1078 tumidumque
1276 1009 1480 1061 ambire
1521 1005 1780 1076 Creonta,

145 1085 247 1139 His
287 1085 467 1154 placet
506 1084 740 1138 Actaeae
782 1084 829 1137 si
869 1083 996 1154 quid
1036 1083 1324 1137 clementia
1365 1081 1541 1151 gentis
1748 1094 1831 1134 175

145 1159 386 1227 Adnuat3
427 1161 726 1212 extremum
766 1176 1017 1212 curarum
1058 1175 1118 1210 ac
1157 1159 1315 1226 turpe
1355 1155 1574 1209 reverti.

143 1232 250 1286 Hic
288 1251 398 1287 non
436 1233 700 1287 femineae
741 1232 981 1286 subitum
1019 1231 1237 1284 virtutis
1279 1248 1520 1284 amorem

147 1306 374 1376 Colligit
411 1306 608 1376 Argia,
647 1323 881 1375 sexuque
921 1306 1155 1358 immane
1194 1305 1385 1358 relicto

148 1380 369 1434 Tractat
408 1398 562 1449 opus:
603 1380 785 1448 placet
824 1380 1029 1449 egregii
1070 1396 1192 1447 spes
1234 1379 1368 1431 dura
1406 1375 1596 1445 pericli

149 1453 465 1508 Comminus
506 1453 717 1507 infandi
758 1454 905 1523 leges
947 1452 1198 1506 accedere
1236 1451 1411 1522 regni,
1752 1463 1835 1504 180

147 1528 264 1590 Quo
304 1527 594 1597 Rhodopes
632 1546 743 1581 non
781 1528 893 1580 ulla
931 1545 1095 1579 nurus
1133 1544 1231 1579 nec
1272 1526 1488 1583 alumna
1528 1524 1705 1578 nivosi

145 1602 396 1655 Phasidis
435 1601 676 1670 innuptis
716 1602 922 1655 vallata
961 1600 1274 1654 cohortibus
1315 1600 1435 1652 iret.

149 1676 299 1729 Tunc
337 1678 519 1729 movet
556 1679 672 1728 arte
711 1675 919 1739 dolum,
959 1692 1064 1745 quo
1105 1677 1276 1727 semet
1315 1673 1389 1727 ab·
1425 1672 1639 1742 agmine
1679 1672 1786 1726 fido

149 1747 434 1819 Segreget,
473 1749 795 1819 inmitesque
836 1749 965 1802 deos
1006 1765 1293 1819 regemque
1333 1749 1613 1801 cruentum

148 1820 527 1893 Contemptrix
567 1823 779 1876 animae
819 1826 874 1876 et
912 1840 1110 1892 magno
1149 1822 1435 1875 temeraria
1474 1820 1624 1873 luctu
1750 1833 1834 1875 185

146 1895 429 1965 Provocet3
468 1897 758 1950 hortantur
796 1897 971 1966 pietas
1011 1897 1274 1965 ignesque
1313 1895 1509 1964 pudici.

146 1970 270 2039 Ipse
311 1971 477 2024 etiam
516 1973 642 2023 ante
682 1970 867 2023 oculos
909 1970 1055 2023 omni
1095 1969 1410 2022 manifestus
1450 1968 1508 2019 in
1548 1971 1672 2020 actu

147 2043 304 2098 Nunc
350 2044 547 2113 hospes
594 2045 844 2112 miserae,
890 2044 1096 2112 primas
1135 2061 1275 2096 nunc
1316 2059 1544 2112 sponsus
1586 2041 1651 2094 ad
1690 2060 1835 2111 araS,

147 2116 307 2171 Nunc
345 2119 496 2171 mitis
536 2118 787 2186 coniunx,
825 2136 967 2171 nunc
1006 2118 1115 2170 iam
1157 2117 1255 2170 sub
1297 2115 1503 2170 casside
1542 2119 1701 2168 torva

148 2190 388 2245 Maestus
428 2192 485 2245 in
524 2193 773 2262 amplexu
812 2192 1150 2261 multumque
1191 2209 1222 2243 a
1258 2190 1443 2243 limine
1484 2207 1694 2243 summo
1750 2202 1832 2243 190

149 2265 484 2334 Respiciens:
527 2266 618 2319 sed
656 2267 805 2320 nulla
845 2267 1027 2319 animo
1068 2267 1313 2318 versatur
1352 2265 1536 2334 imago

272 2428 356 2468 164
394 2423 811 2470 Termodoontiaco
853 2424 953 2468 (3²01
988 2426 994 2481 Ι
1029 2423 1318 2481 triumphum
1349 2429 1382 2466 P
1420 2425 1434 2480 ΙΙ
1476 2428 1558 2468 167
1600 2421 1835 2468 Aruerant

149 2483 356 2527 Kochius
386 2485 402 2539 ΙΙ
435 2488 518 2528 168
558 2482 711 2537 notati
741 2487 775 2526 B
806 2498 949 2543 marq.
983 2484 1114 2537 G2pg
1144 2484 1284 2527 Behh.
1317 2483 1446 2528 Leid.
1488 2495 1635 2537 aeque
1665 2495 1757 2526 uno
1789 2496 1830 2526 v.

147 2584 192 2627 p.
225 2571 415 2614 notatae
446 2571 505 2614 R.
547 2570 750 2628 Unyerus
780 2574 794 2628 ῃ
827 2577 908 2617 171
954 2556 1172 2626 turbatu{
1200 2575 1234 2614 B
1265 2571 1482 2615 turbatur
1511 2575 1556 2613 n
1587 2570 1682 2614 edd.
1707 2570 1831 2625 {1172

152 2629 375 2674 escendat
405 2634 437 2672 P
470 2629 726 2674 descendat
755 2630 909 2673 30²1
947 2629 1200 2674 descendet
1232 2645 1254 2673 ο
1284 2631 1299 2687 ΙΙ
1332 2635 1414 2675 177
1446 2630 1669 2673 honorem
1701 2627 1832 2673 Leid.

149 2704 191 2732 m
213 2690 312 2734 edd.
338 2691 354 2746 ΙΙ
379 2693 463 2734 1-78
494 2689 642 2746 Argia
667 2691 895 2746 producta
923 2691 1086 2735 ultima
1108 2690 1286 2748 syllaba
1311 2691 1476 2748 legitur
1499 2689 1634 2732 etiam
1657 2701 1697 2731 υ.
1722 2690 1830 2732 255.

151 2751 255 2794 303.
297 2751 399 2794 373.
443 2751 557 2802 391,
596 2749 748 2793 eadem
778 2754 985 2806 correpta
1017 2748 1081 2792 ΙΙ
1110 2751 1219 2794 266.
1252 2752 1347 2794 297
1379 2748 1479 2792 III
1508 2749 1601 2791 678
1632 2745 1717 2789 XI
1742 2749 1830 2790 401

154 2807 275 2851 XII
303 2811 404 2852 113.
438 2810 543 2853 247.
577 2810 680 2853 326.
714 2812 807 2853 804
836 2810 852 2864 ΙΙ
888 2812 971 2853 184
1001 2807 1238 2865 Degreget
1266 2812 1299 2851 P
1322 2809 1337 2863 ΙΙ
1365 2811 1447 2851 188
1486 2818 1608 2848 nunc
1640 2818 1722 2850 om.
1754 2809 1787 2847 P
1819 2805 1833 2861 :1

154 2870 232 2910 191
270 2866 544 2910 obversatur
574 2867 671 2911 edd.
704 2867 811 2912 inde
841 2882 873 2912 a
907 2866 1104 2912 Gronov.
