2028 3190
655 163 999 210 THEBAIDOS
1029 163 1143 209 LIB.
1175 163 1254 208 IX.
1690 162 1799 216 239

110 284 220 340 Ora
256 285 360 339 viri
396 285 565 355 tergit
602 285 844 340 lacrimis
884 285 1178 354 dextraque
1215 284 1444 353 reponit.

113 358 295 414 ‘Tune
334 377 484 413 meos
523 359 710 413 hostes
749 359 1024 429 hucusque
1066 377 1286 427 exosuS‚
1324 361 1380 411 et
1416 358 1563 421 ultra
1745 370 1800 411 75

109 432 310 503 Sospes
350 431 516 504 ego?'
592 433 835 487 Exuerat
872 433 1073 505 vagina
1110 432 1357 486 turbidus
1398 450 1583 486 ensem

107 508 458 578 Aptabatque
495 508 637 561 neci:
678 507 902 562 comites
941 511 1185 576 tenuere,
1224 525 1481 576 socerque

114 579 366 652 Castigat
403 581 640 651 bellique
678 582 823 635 vices
865 600 927 635 ac
964 582 1082 635 fata
1120 581 1402 635 revolvens

109 654 328 709 Solatur
366 655 656 724 tumidum,
692 656 961 726 longeque
1001 674 1033 708 a
1072 673 1295 724 corpore
1336 673 1462 708 caro

104 729 402 795 Paulatim,
439 728 582 782 unde
622 729 776 783 dolor
814 730 1014 799 letique
1055 729 1300 782 animosa
1338 729 1592 782 voluntas
1601 769 1616 796 ‚
1740 741 1799 783 80

110 803 345 857 Amovet
383 821 446 857 ac
484 804 653 857 tacite
691 804 897 857 sermm
936 804 1079 856 inter
1115 803 1283 858 verba
1320 804 1550 872 reponit.

104 877 335 931 Ducitur
374 878 576 932 amisso
616 878 792 947 qualis
832 880 1082 932 consorte
1120 877 1371 931 laborum

105 949 326 1005 Deserit
362 952 636 1022 inceptum
676 952 852 1005 media
889 953 1032 1005 inter
1069 952 1258 1022 iugera
1298 951 1507 1004 sulcum

107 1024 315 1079 Taurus
355 1026 500 1079 iners
541 1027 787 1096 colloque
825 1026 1016 1097 iugum
1055 1026 1294 1080 deforme
1333 1025 1559 1078 remisso

107 1098 271 1153 Parte
313 1097 506 1170 trahit,
546 1104 758 1170 partem
797 1101 1093 1154 lacrimans
1134 1101 1404 1153 sustentat
1443 1101 1639 1153 arator.
1740 1112 1797 1152 85

177 1172 318 1227 Ecce
358 1178 541 1228 autem
578 1175 831 1228 hortatus
868 1174 1109 1228 Eteoclis
1151 1177 1206 1227 et
1245 1191 1395 1227 arma
1435 1173 1627 1242 secuti,

106 1245 273 1301 Lecta
311 1267 503 1302 manus
513 1291 528 1318 ‚
566 1249 812 1318 iuvene8‚
852 1267 986 1318 quos
1024 1267 1124 1302 nec
1162 1247 1411 1301 Tritonia
1449 1247 1618 1316 bello,

2 1295 9 1357 ’ζ’
103 1320 218 1374 Nec
257 1340 424 1392 prope
465 1323 684 1376 conlata
723 1323 1018 1392 sprevisset
1057 1321 1279 1390 cuspide
1318 1320 1561 1388 Mamm,

109 1394 444 1465 Adventant3
486 1393 675 1450 contra
714 1396 943 1449 collecta
981 1398 1044 1449 ut
1081 1398 1302 1464 pectora
1339 1412 1558 1463 parmae

105 1467 326 1522 Fixerat
365 1472 526 1540 atque
566 1469 782 1524 hastam
823 1470 985 1540 longe
1024 1469 1397 1538 protenderat,
1435 1468 1626 1521 haeret
1739 1482 1797 1522 90

105 1541 322 1597 Arduus
360 1543 766 1614 Hippomedon:
806 1562 903 1597 ceu
942 1543 1196 1597 fluctibus
1237 1542 1400 1596 obvia
1437 1559 1618 1611 τηρεε,

105 1615 206 1670 Cui
243 1635 416 1687 neque
457 1619 521 1671 de
561 1618 708 1672 caelo
749 1621 926 1671 metus
966 1621 1021 1671 et
1059 1617 1235 1671 fracta
1274 1634 1508 1686 aequora
1540 1616 1759 1686 cedunt,

107 1689 231 1744 Stat
270 1692 475 1745 cunctis
514 1692 722 1746 inmota
761 1692 947 1759 minis,
985 1692 1130 1762 fugit
1167 1692 1285 1760 ipse
1325 1691 1594 1760 rigentem

103 1763 311 1818 Pontus
353 1769 407 1818 et
450 1784 513 1818 ex
553 1767 663 1820 alto
703 1767 931 1820 miserae
969 1783 1170 1820 novere
1211 1764 1439 1819 carinae.

105 1837 257 1892 Tunc
294 1840 444 1907 prior
475 1840 713 1893 Aonides
747 1838 1007 1909 (validam
1047 1839 1208 1892 simul
1249 1839 1396 1891 elicit
1427 1837 1695 1909 hastam):
1736 1851 1794 1892 95

105 1910 258 1966 ‘Non
296 1913 463 1981 pudet
500 1913 602 1966 hos
641 1913 854 1982 ManeS,
892 1913 1025 1966 haec
1064 1912 1388 1965 infamantia
1425 1912 1632 1964 bellum

102 1984 316 2039 Funera
357 1986 437 2039 dis
479 2005 660 2040 coram
700 1990 754 2039 et
793 1988 941 2040 caelo
981 1987 1321 2055 inspectante
1360 1985 1540 2038 tueri?

109 2058 330 2113 Scilicet
369 2061 618 2131 egregius
660 2061 824 2114 sudor
863 2060 1319 2130 memorandaque
1360 2047 1532 2112 virtus

102 2132 257 2187 Hanc
297 2135 567 2188 tumulare
606 2135 815 2188 feram?
855 2154 922 2188 ne
962 2154 1072 2189 non
1112 2133 1479 2187 maerentibus
1520 2132 1702 2203 Argos

101 2207 390 2277 Exsequiis
431 2209 793 2262 lacrimandus
834 2214 943 2274 eat,
983 2210 1240 2278 mollique
1281 2209 1478 2260 feretro
1708 2221 1795 2261 100

101 2279 388 2335 Infandam
428 2284 663 2336 eiectans
705 2284 935 2337 saniem!
977 2283 1235 2336 dimittite
1276 2300 1473 2335 curam.

101 2353 300 2407 Nullae
339 2355 494 2409 illum
534 2358 799 2425 volucres,
842 2358 997 2410 nulla
1036 2358 1203 2425 impia
1241 2360 1487 2409 monstra
1524 2374 1622 2408 nec
1662 2355 1793 2424 ipse,

103 2426 161 2481 Si
201 2427 419 2495 demu8‚
457 2430 577 2497 pius
618 2431 762 2499 ignis
803 2430 960 2485 edat.'
1038 2430 1154 2484 Nec
1193 2431 1372 2500 plura,
1412 2429 1505 2481 sed
1542 2430 1735 2499 ingens

222 2593 278 2633 74
312 2587 564 2644 dextraque
595 2593 666 2632 ΡΒ
698 2591 809 2636 Beh.
850 2590 1154 2645 dextramque
1185 2593 1273 2632 Bu
1302 2591 1319 2647 ss
1350 2594 1404 2633 ’16
1436 2588 1611 2645 vagina
1645 2587 1790 2631 turbi-

27 2655 34 2666 ·“
103 2646 187 2691 dus
220 2652 253 2691 P
287 2662 361 2704 pr.
393 2663 450 2693 m.
484 2662 567 2694 om.
599 2649 616 2704 ΙΙ
647 2654 702 2693 77
741 2651 933 2694 tenuere
963 2654 996 2692 P
1022 2663 1096 2706 pr.
1128 2663 1185 2693 m.
1218 2662 1301 2694 om.
1333 2649 1348 2705 ΙΙ
1379 2652 1435 2692 88
1469 2647 1644 2692 collato
1676 2649 1782 2689 ΡΒ
1780 2665 1791 2701 Ι

23 2707 36 2751 ,ζ
104 2710 158 2751 89
191 2705 404 2751 coniecta
434 2711 514 2750 BG
545 2706 736 2751 conlata
764 2713 798 2752 B
831 2723 970 2765 mary.
1001 2711 1007 2764 1
1034 2721 1200 2764 parma
1228 2709 1536 2765 B(·?)chH'r
1560 2707 1669 2751 Beh
1695 2707 1710 2759 ΙΙ
1735 2710 1790 2749 92

33 2785 38 2803 2
102 2766 253 2810 metus
297 2766 490 2811 effracta
519 2771 588 2809 ΡΒ
625 2767 642 2822 ΙΙ
680 2772 737 2811 93
775 2767 900 2825 fugit
929 2772 998 2810 ΡΒ
1037 2765 1176 2811 timet
1213 2768 1347 2812 ceteri
1384 2768 1400 2823 ΙΙ
1439 2770 1494 2810 95
1537 2764 1649 2808 eicit
1678 2765 1792 2808 Ber-

102 2826 287 2929 gar-taes
319 2824 456 2882 eligit
485 2826 712 2872 Heinsius
733 2827 749 2883 ss
773 2832 828 2872 97
860 2826 1123 2871 insectante
1147 2830 1180 2869 Ρ
1203 2827 1218 2882 ΙΙ
1242 2831 1298 2870 99
1330 2838 1440 2870 vere
1471 2821 1798 2868 maerentibus.

151 2898 204 2927 ar
255 2898 329 2929 tus
