1942 3190
154 166 267 212 VIII
663 165 951 212 EDITORIS
981 165 1338 212 PRAEFATIO.

156 286 495 355 Gronovii‚
557 306 602 340 a.
661 287 803 341 1653
867 287 1268 342 Amsterodami
1319 287 1510 342 formis
1567 287 1852 360 descripta,

155 365 445 432 postquam
470 362 559 415 ille
585 361 732 416 edita
754 362 864 416 iam
886 362 1024 415 1637
1050 363 1108 415 in
1132 360 1306 416 Silvas
1329 361 1579 416 Diatribe
1604 363 1848 433 prolusit.

157 435 495 505 Quamquam
533 454 631 490 nec
671 455 885 490 omnem
935 434 1094 489 Statii
1143 439 1453 490 contextum
1500 437 1699 491 iudicio
1750 456 1849 493 suo

155 510 385 564 subiecit
423 513 477 563 et
515 511 686 564 multa
725 511 922 564 vitiosa
958 510 1190 580 reliquit,
1230 511 1426 564 summi
1465 514 1650 565 tamen
1686 512 1847 580 pretii

155 585 533 639 adnotationes
574 588 723 654 sunt,
763 602 896 655 quas
937 584 1159 638 editioni
1199 583 1534 656 adiunctas2)
1583 585 1848 643 Daumius

155 658 231 712 ‘in
270 661 496 727 pondere
549 676 655 713 mon
714 677 901 728 mayno
953 660 1082 712 satis
1125 657 1469 726 ponderosas'
1529 677 1645 714 esse
1703 660 1850 714 haud

152 734 404 787 inmerito
454 733 723 787 iudicavit.
818 733 883 786 In
941 733 1293 787 fundamento
1351 752 1384 785 a
1437 732 1710 788 Gronovio
1763 753 1849 788 ex·

154 810 383 877 structo,
422 811 484 861 ut
521 809 600 860 ita
639 807 836 875 dicam,
878 807 1141 861 editiones
1182 807 1249 861 ad
1288 825 1453 863 unam
1502 807 1616 861 fere
1656 826 1844 862 omnes

151 899 320 951 usque
361 882 428 935 ad
465 886 709 935 nostram
749 885 982 935 aetatem
1028 884 1153 935 sunt
1198 881 1430 950 positae:
1481 880 1850 936 Barthiana

151 974 197 1008 a.
227 956 396 1024 1664,
434 955 790 1025 Bipontina
829 974 875 1009 a.
913 956 1078 1024 1785,
1117 954 1414 1008 Parisina
1452 974 1498 1008 a.
1535 955 1846 1026 1825—30,

150 1029 615 1084 Duebneriana
676 1049 721 1083 a.
782 1030 941 1084 1835.
995 1030 1090 1099 45,
1154 1028 1532 1092 Queckiana
1585 1048 1631 1083 a.
1688 1029 1846 1084 1854.

156 1104 336 1175 Atque
375 1105 510 1158 haec
550 1104 765 1173 quidem
803 1104 1077 1158 hactenus.

297 1178 363 1231 In
401 1179 728 1232 recensenda
752 1178 1052 1232 Achilleide
1091 1177 1261 1247 igitur
1288 1195 1408 1231 cum
1433 1177 1520 1230 via
1546 1177 1679 1231 mihi
1703 1180 1849 1233 esset

147 1253 406 1322 ineunda,
453 1253 695 1306 nondum
743 1252 875 1305 satis
924 1251 1078 1322 quasi
1115 1251 1388 1320 patefacta
1435 1254 1595 1321 atque
1643 1254 1842 1321 aperta,

147 1327 202 1379 id
256 1327 600 1395 potissimum
647 1329 860 1380 secutus
913 1345 1054 1394 sum,
1107 1328 1168 1378 ut
1216 1325 1627 1379 fundamentum
1679 1343 1841 1395 opere

149 1401 319 1454 solido
359 1401 592 1455 iacerem
625 1419 687 1454 ac
718 1400 1004 1468 munirem,
1043 1403 1106 1453 ut
1137 1399 1186 1452 ei
1223 1416 1390 1468 penes
1423 1417 1558 1469 quos
1587 1399 1843 1454 iudicium

145 1476 338 1528 harum
375 1494 556 1528 rerum
597 1477 679 1528 est
716 1474 955 1528 habeant
993 1492 1100 1544 quo
1140 1475 1363 1526 utantur
1401 1473 1469 1526 ad
1509 1472 1687 1526 studia
1725 1471 1844 1527 Sta·

144 1550 295 1602 tiana
312 1549 670 1619 provehenda.
716 1548 905 1618 Neque
923 1548 1098 1602 solum
1114 1547 1282 1616 igitur
1301 1546 1545 1601 codicum
1568 1546 1844 1617 lectioneS‚

146 1624 324 1694 quoad
365 1624 477 1676 eius
517 1624 633 1676 fieri
672 1624 910 1690 poterat,
950 1640 1111 1690 quam
1144 1621 1542 1674 accuratissime
1575 1619 1708 1688 dedi,
1749 1620 1844 1674 sed

147 1698 309 1750 etiam
352 1697 732 1750 auctoritatem
770 1696 1032 1748 librorum
1064 1692 1216 1748 MSS.
1255 1693 1333 1747 ita
1371 1693 1691 1747 servandam
1730 1711 1847 1748 esse

144 1771 357 1840 putavi,
394 1774 456 1823 ut
493 1769 808 1840 parcissime
859 1769 1090 1822 aliorum
1129 1785 1344 1821 measve
1391 1767 1724 1822 coniecturas
1762 1786 1846 1821 re-

145 1864 202 1899 ce
245 1863 392 1898 erim.

206 1864 239 1915 p
294 1919 376 1972 Ac
415 1918 649 1987 primum
697 1917 911 1987 quidem
959 1919 1206 1970 constare
1251 1915 1386 1968 mihi
1431 1915 1663 1980 videtur,
1712 1915 1845 1970 duas

146 1994 310 2046 etiam
341 1991 676 2046 Achilleidos
705 1991 1043 2044 recensiones
1068 1991 1176 2043 iam
1213 1993 1337 2042 ante
1363 1989 1686 2042 scholiastae
1709 1993 1844 2045 tem-

153 2085 287 2137 pora
320 2067 592 2119 exstitisse
625 2066 767 2118 inter
799 2083 855 2117 se
881 2065 1272 2132 discrepantes:
1312 2062 1454 2131 quod
1478 2062 1587 2115 iam
1618 2061 1683 2115 de
1707 2062 1844 2116 The-

150 2141 308 2195 baide
344 2140 406 2194 Ο.
428 2139 718 2192 Muellerus
757 2139 814 2190 in
854 2138 1090 2191 editione
1123 2155 1221 2190 sua
1253 2135 1530 2190 contendit
1554 2135 1652 2206 (Cf.
1677 2137 1845 2205 praef.

142 2235 191 2285 p.
231 2214 404 2285 VIII).
482 2213 774 2283 Utriusque
823 2212 1036 2282 generis
1083 2211 1330 2279 exempla
1367 2209 1513 2263 haud
1551 2210 1632 2264 ita
1669 2229 1846 2279 pauca

142 2290 303 2343 nobis
368 2290 495 2342 sunt
557 2289 783 2341 servata.
859 2286 1098 2338 Alterius
1154 2285 1372 2352 eiusque
1434 2283 1672 2337 melioris
1728 2284 1840 2337 effi-

114 2364 287 2434 ·giem
340 2362 601 2432 praebent
651 2364 763 2413 tres
820 2360 1054 2428 codiceS‚
1115 2377 1343 2428 quorum
1408 2375 1733 2411 consensum
1785 2358 1844 2411 in

142 2438 244 2491 hac
292 2437 526 2490 editione
574 2435 877 2505 significavi
922 2433 1081 2486 litera
1125 2440 1200 2486 A:
1253 2434 1381 2485 sunt
1418 2434 1598 2484 autem
1630 2431 1844 2486 codices

141 2529 275 2581 quos
315 2511 432 2580 ipse
471 2509 675 2563 contuli
703 2508 1077 2563 (Puteaneus
1119 2504 1211 2577 (P)
1265 2505 1606 2558 Parisinus
1659 2505 1835 2560 10317

140 2584 274 2655 (Po)
325 2584 660 2639 Gudianus
709 2582 782 2637 54
821 2579 967 2653 (G2),
1020 2581 1215 2651 quibus
1253 2579 1515 2633 Achilleis
1562 2597 1670 2634 una
1715 2597 1838 2633 cum

143 2659 419 2712 Thebaide
459 2658 780 2712 continetur.
867 2655 969 2719 Qui
1016 2655 1231 2725 quidem
1280 2672 1343 2706 ex
1389 2670 1497 2706 uno
1547 2653 1841 2722 eodemque

261 2836 306 2890 2)
344 2834 538 2878 ‘Gustus
570 2833 630 2877 ad
664 2830 949 2878 Achilleida’
986 2829 1250 2876 continetur
1281 2843 1359 2886 pp.
1394 2831 1479 2872 415
1513 2841 1638 2884 sqq.,
1676 2823 1841 2872 multis

137 2891 272 2938 vitiis
305 2892 660 2951 typographicis
692 2892 994 2938 deformatus.
