2028 3190
659 157 778 202 THE
786 157 1004 203 BAIDOS
1035 157 1146 204 LIB.
1179 157 1300 204 VIII.
1721 156 1829 211 209

139 280 589 351 Umbriferaeque
626 279 814 334 fremit
852 279 1091 333 sulcator
1128 279 1363 349 pallidus
1401 279 1599 347 undae,

141 355 458 411 Dissiluisse
496 373 640 408 novo
679 354 894 423 penitus
934 353 1146 407 telluris
1183 354 1339 406 hiatu

138 422 372 485 Tartara
411 432 466 483 et
504 429 771 482 admissos
808 446 918 482 non
955 445 1051 512 per
1090 446 1213 480 sua-
1205 419 1450 480 -flumina
1488 426 1691 480 Manes.
1775 439 1832 479 20

216 504 382 558 Forte
422 503 612 556 sedens
652 502 832 556 media
869 502 1022 572 regni
1060 501 1294 555 infelicis
1334 502 1391 554 in
1430 519 1551 554 arce

141 580 268 634 Dux
305 577 474 630 Erebi
510 576 744 646 populos
783 577 1045 644 poscebat
1083 576 1310 629 crimina
1347 575 1514 643 vitae,

141 654 238 709 Nil
276 651 557 705 hominum
596 650 858 703 miserans
897 650 1177 719 iratusque
1217 649 1469 704 omnibus
1509 649 1729 702 umbris.

144 727 306 783 Stant
341 724 539 778 Furiae
579 725 781 777 circum
820 724 1107 794 variaeque
1146 742 1210 777 ex
1251 723 1437 777 ordine
1475 722 1705 791 MorteS,

146 801 424 868 Saevaque
464 799 791 852 multisonas
831 800 1040 851 exertat
1076 796 1259 851 Poena
1298 800 1539 865 catenas3
1778 808 1834 850 25

144 876 285 930 Fata
323 876 511 926 serunt
550 873 758 926 animas
798 875 853 925 et
890 872 1078 926 eodem
1116 872 1310 942 poUice
1350 871 1630 925 damnant:

144 947 332 1004 Vincit
371 965 522 1016 opuS.
598 947 758 1000 quta
795 946 975 1000 Minos
1015 964 1138 999 cum
1175 946 1346 1000 fratre
1383 945 1615 999 verendo

144 1023 272 1078 Iura
310 1021 485 1074 bonus
525 1021 752 1074 meliora
790 1023 975 1074 monet
1011 1038 1301 1090 regemque
1339 1023 1622 1074 cruentum

146 1097 460 1165 Temperat3
501 1095 776 1148 adsistunt
811 1094 1050 1149 lacrimis
1092 1097 1252 1165 atque
1290 1095 1416 1165 igne
1455 1096 1726 1147 tumentes

145 1170 380 1240 Cocytos
418 1169 890 1240 Phlegethonque,
931 1172 986 1222 et
1025 1167 1159 1238 Styx
1196 1169 1436 1238 periuria
1475 1168 1658 1222 divum
1783 1180 1838 1220 30

146 1245 363 1315 Arguit.
437 1243 537 1296 Ille
577 1247 759 1298 autem
798 1261 995 1313 supera
1034 1260 1293 1313 compage
1333 1243 1514 1296 soluta

149 1317 266 1372 Nec
307 1316 501 1370 solitus
541 1317 744 1371 sentire
784 1321 961 1370 metus
1002 1317 1220 1386 expavit
1258 1317 1452 1371 oborta

152 1391 363 1461 Sidera,
402 1390 740 1461 iucundaque
779 1391 1014 1444 offensus
1053 1391 1172 1444 luce
1211 1390 1485 1460 profatur:

152 1466 321 1530 ‘Quae
362 1483 616 1534 superum
653 1465 806 1519 labes
846 1464 1124 1518 inimicum
1162 1465 1393 1535 impegit
1430 1464 1646 1518 Averno

150 1539 429 1595 Aethera?
469 1539 588 1609 quis
628 1540 779 1608 rupit
815 1539 1066 1592 tenebras
1106 1538 1357 1608 vitaeque
1398 1538 1623 1591 silentes
1785 1549 1842 1590 35

150 1611 462 1668 Admonet?
487 1613 627 1666 unde
652 1613 864 1666 minas?
889 1615 1009 1666 uter
1031 1613 1165 1666 haec
1189 1613 1325 1666 mihi
1349 1612 1558 1682 proelia
1573 1610 1843 1665 fratrum?

152 1686 512 1758 Congredior‚
550 1690 776 1756 pereant
817 1686 1048 1757 agedum
1087 1686 1399 1741 discrimina
1435 1705 1631 1740 rerum.

153 1761 300 1816 Nam
340 1761 427 1814 cui
465 1761 619 1814 dulce
659 1761 874 1831 magis?
914 1778 1112 1830 magno
1153 1779 1238 1815 me
1276 1761 1441 1815 tertia
1476 1761 1682 1814 victum

154 1834 366 1889 Deiecit
403 1834 646 1887 Fortuna
684 1836 838 1904 polo,
877 1836 1242 1905 mundumque
1280 1837 1565 1888 nocentem

158 1908 347 1963 Servo:
385 1926 484 1961 nec
523 1908 627 1961 iste
666 1927 816 1962 meus
857 1909 1094 1978 dirisque
1134 1926 1200 1961 en
1239 1909 1454 1977 pervius
1496 1908 1659 1961 astris
1788 1920 1845 1961 40

159 1981 468 2052 Inspicitur.
545 1982 873 2036 Tumidusne
913 2000 1061 2036 meas
1099 1986 1360 2052 regnator
1399 1981 1619 2051 Olympi

156 2056 426 2127 Explorat
462 2054 642 2110 vires?
682 2056 858 2110 habeo
897 2057 1008 2110 iam
1048 2075 1248 2125 quassa
1286 2055 1585 2126 Gigantum

157 2130 393 2184 Vincula
431 2132 486 2183 et
525 2129 825 2184 aetherium
866 2130 1088 2200 cupidos
1128 2131 1272 2183 exire
1313 2131 1412 2183 sub
1453 2148 1608 2183 axem

160 2204 390 2257 Titanas
429 2204 791 2274 miserumque
830 2207 1063 2274 patrem:
1103 2205 1232 2274 quid
1272 2223 1357 2257 me
1400 2204 1512 2258 otia
1550 2206 1761 2258 maesta

163 2276 365 2331 Saevus
405 2281 460 2330 et
498 2277 825 2347 inplacidam
866 2279 1120 2347 prohibet
1158 2278 1395 2349 perferre
1436 2278 1671 2347 quietem
1792 2289 1849 2330 45

278 2425 350 2465 26.
385 2420 524 2465 ‘Fata
554 2424 716 2467 serunt
748 2423 923 2479 (ferunt
945 2422 1117 2479 Lind.)
1143 2423 1342 2468 animas’
1379 2422 1552 2468 schol.
1576 2422 1720 2467 Theb.
1746 2421 1853 2466 VIII

164 2485 220 2525 92
251 2493 297 2536 p.
329 2483 416 2524 279
449 2480 500 2524 L.
535 2507 582 2515 ——
621 2487 680 2526 30
704 2496 771 2538 sq.
808 2483 877 2526 ‘et
909 2508 963 2515 —
998 2482 1173 2540 arguit’
1216 2482 1363 2527 Serv.
1406 2483 1467 2526 ad
1506 2482 1619 2526 Aen.
1654 2481 1718 2526 VI
1750 2485 1849 2525 565.

284 2630 337 2670 18
370 2596 529 2684 fgemit
567 2632 600 2670 P
645 2629 805 2673 tremit
859 2630 1152 2688 Peyraredus
1191 2632 1199 2686 Ι
1240 2630 1432 2675 umbrae
1462 2634 1495 2673 P
1532 2631 1549 2686 ss
1587 2634 1641 2674 25
1693 2626 1851 2672 multi-

163 2713 333 2745 sonans
365 2690 397 2744 P
426 2703 432 2759 Ι
461 2702 642 2745 exertat
669 2706 703 2744 P
743 2705 929 2748 exercet
967 2705 1101 2748 ceteri
1127 2706 1144 2762 ΙΙ
1174 2709 1232 2749 26
1264 2706 1424 2749 serunt
1455 2708 1491 2747 G
1513 2703 1624 2747 Βοὴ.
1649 2706 1687 2744 B
1717 2701 1852 2749 schol

164 2759 313 2805 Pari-9.
348 2762 411 2806 ad
434 2775 475 2806 v.
502 2764 563 2806 92
591 2759 748 2806 ferunt
777 2763 1007 2806 nostem
1037 2765 1052 2819 ΙΙ
1083 2768 1137 2807 32
1183 2762 1347 2808 solitos
1378 2768 1410 2806 P
1433 2764 1449 2818 ΙΙ
1473 2766 1529 2807 35
1561 2760 1736 2818 rumpit
1756 2761 1774 2817 Ι]
1797 2765 1853 2805 86

165 2818 398 2864 Admovet
428 2824 474 2863 Η
500 2822 506 2875 1
533 2818 663 2863 mina
691 2824 747 2876 P,
778 2823 900 2867 unde
930 2822 1242 2867 Baehrensius
1270 2821 1422 2866 minas
1456 2834 1583 2875 corr„
1615 2825 1668 2864 ut
1697 2819 1855 2865 hiatus

163 2878 355 2924 tollatur
386 2878 541 2923 minae
573 2880 705 2924 ceteri
726 2882 742 2936 ΙΙ
766 2883 823 2924 40
855 2894 977 2924 nunc
1008 2880 1097 2925 iste
1129 2886 1161 2924 P
1192 2882 1252 2926 al.
1285 2896 1340 2926 m.
1372 2885 1377 2934 ί
1404 2880 1453 2923 in
1484 2878 1670 2935 pervius
1702 2883 1736 2922 P

262 2958 385 2993 ern
372 2969 402 2993 11
433 2961 545 2994 Tmm
523 2969 612 2993 nm
597 2986 624 2994 r.
1445 2956 1498 2995 14
