2008 3198
704 185 1046 232 THEBAmos
1076 186 1187 232 ΠΒ.
1206 157 1277 231 Π.
1772 185 1844 240 53

159 309 305 364 Dum
345 309 566 378 clamat,
607 308 753 362 subit
793 326 884 361 ore
925 326 1058 362 cavo
1097 307 1380 361 Teumesia
1420 325 1637 376 cornuS‚

159 383 278 438 Nec
314 383 604 454 prohibent
639 382 847 451 fauces3
888 384 1048 452 atque
1088 382 1173 435 illi
1211 399 1341 435 voce
1379 382 1586 451 repleta
1760 394 1845 435 625

158 457 468 527 Intercepta
506 460 662 510 natat
699 459 961 525 prorupto
1001 457 1060 508 in
1098 457 1359 527 sanguine
1397 456 1602 526 lingua.

162 531 354 586 Stabat
393 531 587 600 adhuc,
627 531 795 583 donec
833 530 1155 584 transmissa
1193 533 1366 583 morte
1405 532 1501 599 per
1540 531 1688 583 artus

159 606 386 659 Labitur
425 606 788 673 immorsaque
828 604 1024 657 cadens
1067 605 1338 657 obmutuit
1375 604 1550 657 hasta.

158 680 275 734 Vos
317 698 552 749 quoque,
592 678 952 747 Thespiadae,
993 696 1085 730 cur
1124 678 1388 731 infitiatus
1428 678 1639 730 honora

161 754 443 808 Arcuerim
482 752 664 806 fama?
703 752 910 805 Fratris
951 752 1272 805 moribunda
1310 752 1529 805 levabat
1761 765 1848 805 630

159 828 404 881 Membra
443 826 558 880 solo
597 826 859 895 Periphas
903 823 1005 898 (nil
1044 826 1466 897 indolerclarius
1506 825 1603 879 illa

159 901 274 955 Nec
312 902 514 971 pietate
551 900 703 970 fuit),
743 901 898 953 laeva
937 901 1233 954 marcentia
1272 901 1412 953 colla

162 975 484 1030 Sustentans
525 974 817 1043 dextraque
856 975 1023 1044 latus3
1064 974 1395 1044 singultibus
1438 976 1619 1027 artum

160 1050 432 1104 Exhaurit
470 1049 696 1102 thoraca
736 1048 910 1117 dolor,
949 1067 1047 1102 nec
1086 1049 1268 1102 vincla
1307 1051 1555 1102 coercent

161 1123 475 1178 Undantem
514 1124 645 1176 fletu
684 1123 924 1192 galeam,
964 1141 1085 1176 cum
1124 1123 1297 1175 multa
1337 1123 1576 1191 gementi
1764 1134 1849 1175 635

161 1198 310 1252 Pone
351 1198 533 1268 gravis
574 1216 762 1250 curvas
801 1197 1088 1266 perfringit
1127 1197 1315 1250 lancea
1355 1200 1550 1250 costas,

162 1272 292 1325 Exit
331 1276 385 1324 et
422 1272 480 1324 in
520 1271 767 1340 fratrem,
807 1275 1148 1341 cognataque
1187 1275 1408 1339 pectora
1446 1271 1556 1324 telo

164 1344 439 1414 Conserit3
478 1346 571 1398 ille
611 1345 796 1398 oculos
835 1343 1211 1398 *etiamnum*
1250 1345 1307 1397 in
1343 1345 1463 1397 luce
1501 1346 1754 1397 natantes

166 1418 324 1473 Sistit
363 1422 417 1473 et
457 1421 675 1488 aspecta
714 1420 958 1487 germani
998 1422 1171 1471 morte
1211 1419 1450 1472 resolvit.

165 1492 244 1546 At
283 1494 368 1546 cui
406 1493 521 1546 vita
559 1510 745 1545 recens
786 1495 840 1545 et
878 1493 1051 1545 adhuc
1089 1493 1145 1544 in
1183 1493 1402 1546 vulnere
1440 1492 1583 1545 vires
1765 1503 1850 1544 640

166 1566 301 1620 ‘Hos
341 1567 444 1620 tibi
485 1567 814 1635 complexuS‚
851 1567 984 1620 haec
1025 1565 1170 1619 dent'
1211 1568 1291 1619 ait
1331 1565 1534 1619 ‘oscula
1572 1564 1724 1618 nati?

164 1641 503 1694 Procubuere
542 1658 699 1710 pares
738 1640 866 1693 fatis
909 1639 1241 1711 (miserabile
1279 1643 1467 1693 votum

165 1712 381 1785 Mortis)
422 1718 476 1767 et
516 1715 725 1767 alterna
764 1715 1074 1767 clauserunt
1113 1714 1321 1767 lumina
1360 1714 1563 1766 dextra.

238 1788 494 1842 Protinus
534 1788 677 1840 idem
715 1788 860 1842 ultro
898 1789 1077 1842 iaculo
1116 1807 1412 1858 parmaque
1451 1787 1742 1841 Menoeten

165 1861 517 1915 Proterrebat
555 1878 723 1930 agens
762 1862 989 1930 trepidis
1029 1863 1260 1931 vestigia
1299 1866 1446 1914 retro
1766 1872 1850 1914 645

164 1935 424 1988 Passibus
465 1938 774 2005 urgentem,
815 1935 983 1987 donec
1024 1935 1220 1988 defecit
1259 1935 1445 2004 iniqua

164 2008 372 2078 Lapsus
420 2010 608 2077 hume,
654 2009 959 2078 pariterque
1000 2027 1192 2062 manus
1234 2010 1525 2062 distractus
1566 2008 1622 2061 in
1662 2008 1850 2061 ambas

165 2082 300 2136 Orat
338 2087 395 2136 et
435 2102 466 2135 a
504 2083 688 2152 iugulo
728 2084 989 2135 nitentem
1033 2084 1261 2136 sustinet
1298 2084 1538 2136 hastam:

165 2156 351 2211 ‘Parce
391 2175 486 2226 per
524 2156 625 2209 has
667 2157 839 2209 stellis
878 2157 1334 2211 interlabentibus
1373 2157 1617 2225 umbrae,

164 2230 269 2285 Per
309 2249 534 2299 superos
574 2233 894 2300 noe-temque
927 2234 1099 2302 tuam3
1140 2231 1277 2301 sine,
1317 2231 1499 2284 tristia
1530 2230 1733 2282 Thebis
1766 2242 1852 2283 650

163 2304 403 2358 Nuntius
445 2307 566 2357 acta
605 2304 777 2357 feram
817 2305 1073 2375 vulgique
1113 2324 1210 2374 per
1250 2324 1346 2358 ora
1383 2304 1632 2374 paventis

166 2375 491 2447 Contempto
530 2381 584 2429 te
623 2396 748 2448 rege
790 2397 1003 2431 canam:
1044 2380 1119 2432 sic
1158 2379 1327 2432 inrita
1365 2378 1524 2431 nobis

165 2450 298 2504 Tela
337 2451 556 2520 cadant,
594 2452 838 2521 nullique
877 2455 1030 2505 tuum
1070 2453 1406 2522 penetrabile
1445 2452 1588 2504 ferro

163 2524 358 2577 Pectus
371 2566 383 2592 ,
422 2527 475 2576 et
514 2526 724 2593 optanti
764 2527 937 2579 victor
975 2527 1248 2580 reveharis
1290 2525 1497 2579 amico.'

285 2637 369 2676 637
395 2646 460 2686 sq.
505 2631 656 2675 ‘Fixit
689 2658 739 2664 -—
774 2632 959 2677 traicit'
1004 2633 1179 2678 schol.
1218 2634 1362 2678 Theb.
1404 2633 1468 2677 111
1510 2639 1592 2678 152
1632 2647 1675 2689 p.
1710 2637 1766 2676 89
1800 2631 1851 2676 L.

285 2734 370 2773 630
396 2727 639 2771 Arcuerim
666 2730 708 2785 (c
732 2743 787 2773 ex
804 2744 835 2786 g
860 2733 994 2784 corr.)
1017 2729 1074 2771 (3²
1089 2730 1368 2775 Bernartius
1384 2728 1632 2786 Arguerim
1656 2732 1822 2771 PBsn
1837 2728 1852 2782 ῑΙ

167 2793 252 2832 633
285 2786 378 2831 arti
409 2792 441 2830 P
465 2787 479 2843 ss
505 2792 591 2831 634
623 2787 824 2832 Vexavit
856 2789 1107 2833 Muellerus
1130 2791 1144 2844 ΙΙ
1170 2794 1252 2834 637
1285 2789 1407 2833 ferro
1438 2790 1569 2833 schol.
1599 2787 1731 2832 Theb.
1757 2787 1859 2830 III

166 2849 274 2900 152,
306 2847 425 2903 quod
449 2847 615 2902 probat
639 2846 946 2892 Baehrensius
977 2847 1073 2891 leto
1098 2848 1316 2892 Naukius
1338 2850 1354 2904 ΙΙ
1378 2852 1463 2892 638
1490 2848 1538 2890 et
1561 2845 1714 2890 adhuc
1746 2845 1795 2889 in
1818 2850 1851 2888 P

167 2904 422 2949 etiamnum
440 2904 490 2948 in
504 2905 636 2950 ceteri
648 2918 814 2949 casura
825 2905 875 2949 in
883 2907 1191 2952 Baehrensius
1204 2909 1409 2951 extrema
1423 2906 1526 2949 luce
1539 2906 1600 2948 M
1598 2906 1852 2951 arklandus
