2008 3198
710 171 1054 219 THEBAIDOS
1087 172 1200 220 LIB.
1231 172 1289 220 V.
1745 173 1850 228 139

149 294 334 363 Ferte,
374 293 534 347 duces
542 334 556 363 ‚
595 293 778 347 meriti
819 293 867 347 si
906 312 1011 363 qua
1052 297 1136 348 est
1175 293 1309 346 mihi
1349 294 1530 364 gratia
1568 293 1712 364 duri,

152 367 214 424 Si
250 367 368 438 quis
408 367 583 421 honos
624 366 806 437 dictiS,
845 372 940 422 aut
979 386 1076 423 vos
1116 368 1417 437 extinguite
1457 367 1624 438 ferre,
1761 380 1851 424 630

149 442 234 498 Ne
271 442 459 494 tristes
500 441 747 495 dominos
788 442 1086 512 orbamque
1124 442 1347 497 inimica
1384 442 1623 501 revisam

149 515 484 586 Eurydicen,
516 533 843 585 quamquam
882 516 1018 570 haut
1056 517 1143 570 illi
1182 534 1303 570 mea
1342 534 1473 573 cura
1513 516 1745 570 dolendo

151 589 401 645 Cesserit.
476 588 665 642 Hocne
703 589 884 643 ferens
925 608 1060 644 onus
1100 590 1421 644 inlaetabile
1461 591 1654 645 matris

150 663 551 718 Transi-'undam
590 663 834 732 gremio?
874 682 1010 733 quae
1050 682 1136 716 me
1167 664 1319 733 prius
1349 664 1463 717 ima
1497 665 1598 716 sub
1631 664 1852 721 umbras

149 738 367 809 Mergat
390 738 586 791 humus
597 737 645 791 ‘P'
672 736 845 791 Simul
861 738 995 791 haec
1012 742 1264 807 terraque
1283 741 1338 790 et
1357 739 1622 808 sanguine
1640 739 1852 796 vultum

153 811 382 867 Sordida
419 828 743 881 magnorum
785 812 927 866 circa
966 812 1200 882 vestigia
1238 826 1431 882 regum
1765 826 1852 867 636

156 886 428 953 Vertitur,
467 889 522 938 et
560 886 727 939 tacite
767 886 1136 940 maerentibus
1178 887 1417 956 imputat
1454 885 1643 939 undas,

224 960 300 1014 Et
337 960 448 1013 iam
489 959 720 1013 sacrifici
759 960 974 1013 subitus
1013 979 1111 1030 per
1149 963 1294 1014 tecta
1332 959 1569 1030 Lycurgi

153 1034 391 1090 Nuntius
430 1034 684 1104 implerat
722 1034 964 1087 lacrimis
1003 1035 1288 1104 ipsumque
1330 1034 1680 1104 domumque,

151 1109 339 1179 Ipsum
380 1107 764 1161 adventantem
802 1108 989 1162 Persei
1027 1109 1230 1162 vertice
1271 1111 1462 1166 sancto
1766 1121 1854 1163 640

148 1182 378 1252 Montis,
416 1182 512 1236 ubi
552 1200 739 1236 averso
780 1182 1001 1236 dederat
1039 1185 1291 1252 prosecta
1329 1182 1590 1251 Tonanti,

150 1256 227 1311 Et
265 1260 428 1326 caput
466 1257 622 1309 iratis
662 1256 875 1310 rediens
916 1257 1216 1326 quassabat
1256 1256 1324 1310 ab
1367 1257 1523 1311 extis.

148 1330 255 1384 Hic
295 1348 412 1383 sese
452 1330 728 1400 Argolicis
767 1331 1064 1383 immunem
1106 1334 1287 1384 servat
1325 1331 1394 1383 ab
1439 1331 1604 1389 armis

150 1403 302 1456 Haut
341 1404 507 1456 animi
546 1421 743 1456 vacuus
753 1446 765 1472 ,
807 1403 899 1456 sed
938 1405 1144 1472 templa
1185 1422 1416 1473 araeque
1458 1404 1735 1459 tenebant.

150 1477 398 1531 Necdum
438 1478 602 1530 etiam
642 1495 903 1546 responsa
943 1478 1101 1530 deum
1140 1478 1484 1548 monitusque
1525 1478 1732 1532 vetusti
1764 1490 1852 1532 645

153 1551 484 1606 Exciderant
524 1554 579 1604 et
617 1570 722 1604 vox
761 1551 941 1620 adytis
983 1556 1205 1620 accepta
1243 1551 1551 1620 profundis:

150 1625 379 1694 ‘Prima,
418 1624 686 1695 Lycurge,
728 1625 881 1679 dabis
922 1625 1152 1679 Dircaeo
1194 1627 1385 1679 funera
1425 1624 1606 1679 bello?

152 1699 217 1752 Id
256 1702 435 1768 cavet,
475 1704 530 1752 et
569 1702 807 1752 maestus
848 1700 1012 1752 vicini
1050 1701 1272 1769 pulvere
1312 1699 1509 1753 Martis

151 1773 390 1843 Angitur
430 1773 499 1826 ad
538 1773 702 1827 lituos
744 1774 1121 1843 periturusque
1159 1774 1363 1830 invidet
1403 1773 1584 1830 armis.

222 1847 363 1900 Ecce
396 1845 554 1917 (fides
589 1845 892 1917 superuml)
931 1848 1138 1901 laceras
1172 1847 1435 1901 comitata
1466 1846 1733 1901 Thoantis
1765 1859 1851 1900 650

151 1920 392 1974 Advehit
433 1921 737 1989 exsequiaS,
776 1924 967 1974 contra
1006 1922 1154 1974 subit
1193 1921 1358 1974 obvia
1398 1923 1591 1988 mater,

151 1994 442 2047 Femineos
483 1997 666 2048 coetus
707 1994 1130 2063 plangentiaque
1175 1995 1395 2065 agmina
1434 1995 1650 2048 ducens.

152 2068 229 2122 At
266 2086 375 2121 non
413 2068 761 2137 magnanimo
802 2068 977 2137 pietas
1016 2068 1218 2138 ignava
1256 2068 1527 2138 Lycurgo:

152 2141 372 2197 Fortior
409 2142 505 2195 ille
544 2143 727 2211 maliS,
767 2142 1129 2211 lacrimasque
1170 2143 1362 2196 insana
1399 2142 1645 2195 resorbet

152 2215 245 2270 Ira
282 2215 481 2285 patris,
519 2216 686 2287 longo
726 2216 874 2285 rapit
914 2235 1044 2271 arva
1083 2217 1356 2271 morantia
1394 2234 1563 2287 passu
1767 2228 1852 2269 655

152 2289 494 2344 Vociferans:
535 2289 657 2344 ‘Illa
693 2294 877 2345 autem
915 2291 1162 2360 ubinam,
1202 2291 1287 2345 cui
1325 2309 1501 2361 parva
1541 2289 1744 2344 cruoris

151 2363 386 2417 Laetave
426 2363 623 2417 damna
662 2365 805 2418 mei?
844 2364 1084 2418 vivitne?
1124 2365 1386 2434 impellite
1428 2367 1671 2433 raptam,

150 2436 309 2490 Ferte
349 2437 443 2490 citi
481 2438 729 2507 comites3
768 2438 893 2491 faxo
935 2439 1110 2491 omnis
1149 2438 1338 2492 fabula
1376 2438 1565 2491 Lemni

271 2600 358 2640 634
397 2595 564 2640 umbra
601 2601 669 2639 ΡΒ
701 2598 716 2652 ΙΙ
748 2602 834 2643 643
875 2598 1096 2643 servabat
1132 2603 1267 2643 Psi-c
1297 2601 1313 2656 ΙΙ
1346 2604 1430 2644 646
1472 2599 1521 2643 et
1559 2611 1652 2643 vox
1695 2594 1853 2653 adytis

69 2658 74 2662 ”
153 2659 237 2700 Gn
284 2669 339 2700 ac
377 2668 467 2699 vox
506 2654 662 2711 adytis
692 2656 806 2702 Βοὴ.
847 2670 1027 2713 voxque
1067 2657 1223 2713 adytis
1254 2659 1426 2702 Bre²s
1461 2671 1535 2714 pr.
1572 2671 1630 2702 m.
1667 2667 1852 2710 voxque

152 2727 210 2760 ex
233 2713 390 2772 adytis
412 2718 494 2758 Hs
517 2727 600 2758 sec.
625 2728 682 2759 m.
706 2716 804 2761 edd.
837 2716 1122 2760 Exciderant
1146 2716 1300 2774 adytis
1324 2722 1356 2761 Ρ
1379 2719 1396 2774 n
1419 2721 1504 2762 649
1529 2713 1852 2772 periturisque

151 2775 301 2830 codd„
349 2787 463 2819 corr.
510 2771 839 2820 Lachmannus
875 2778 892 2831 ΙΙ
931 2781 1018 2820 650
1068 2777 1491 2833 Interpwnctionem
1538 2788 1659 2819 corr.
1701 2772 1853 2820 Lach-

152 2846 352 2879 mannus
388 2834 404 2891 ΙΙ
442 2837 527 2878 651
567 2830 774 2876 Advehit
810 2838 1120 2889 PstcpHG
1158 2850 1215 2880 m.
1247 2849 1328 2882 sec.
1377 2832 1584 2879 Advenit
1621 2837 1666 2878 Π
1708 2833 1807 2879 edd.
1837 2832 1854 2891 ΙΙ

154 2895 241 2936 653
271 2905 447 2938 versum
477 2895 511 2935 B
535 2895 642 2948 post
671 2905 710 2938 v.
745 2895 837 2939 655
866 2894 1041 2939 exhibet
