2028 3190
649 156 991 203 THEBAIDOS
1023 156 1136 203 LIB.
1169 159 1225 203 X.
1667 157 1775 211 299

87 280 196 334 Pro
234 278 428 349 pudor!
467 278 530 331 hi
566 278 754 332 faciles
794 296 1113 347 carmenque
1153 279 1373 332 imbelle
1414 279 1604 349 secuti,

86 353 163 408 Hi
203 351 455 424 (mentita
494 352 586 406 diu
623 352 933 406 Thebarum
971 350 1182 423 fabula)
1221 351 1400 406 muri?
1685 366 1772 408 875

85 427 161 483 Et
199 427 328 498 quid
365 430 480 481 tam
520 426 798 497 egregium
836 428 1180 496 prosternere
1220 427 1436 480 moenia
1472 427 1628 480 molli

86 498 306 556 Structa
342 500 530 571 lyra?
609 499 780 555 Simul
819 500 1091 554 insultans
1130 518 1425 571 gressuque
1464 519 1736 571 manuque

85 575 321 630 Molibus
361 575 642 629 obstantes
682 592 879 628 cuneos
917 574 1269 644 tabulataque
1310 593 1501 628 saevus

85 649 357 704 Destruit:
398 649 662 702 absiliunt
699 651 917 718 pontes,
954 648 1192 718 tectique
1231 648 1526 717 prementis

87 722 260 777 Saxea
297 723 451 778 frena
488 723 698 791 labant,
739 722 1121 792 dissaeptoque
1163 739 1362 793 aggere
1401 740 1588 776 rursus
1688 737 1775 778 880

85 796 274 851 Utitur
313 801 367 851 et
405 800 623 850 truncas
661 815 822 865 rupes
862 796 921 849 in
957 796 1166 866 templa
1204 797 1499 866 domosque

87 871 422 941 Praecipitat
459 870 771 942 frangitque
813 871 925 924 suis
964 871 1074 923 iam
1114 871 1398 924 moenibus
1437 871 1643 925 urbem.

160 944 384 1014 Iamque
422 944 607 998 Iovem
646 946 788 998 circa
828 944 1020 996 studiis
1061 944 1272 997 diversa
1309 944 1617 998 fremebant

85 1019 333 1090 Argolici
371 1019 630 1088 Tyriique
669 1018 775 1089 dei;
813 1021 970 1087 pater
1008 1036 1211 1087 aequus
1250 1019 1495 1088 utrisque

85 1093 297 1162 Aspicit
335 1093 582 1163 ingentes
623 1093 906 1146 ardentum
946 1093 1248 1145 comminus
1287 1093 1397 1146 iras
1692 1106 1778 1147 885

86 1165 260 1237 Seque
300 1167 521 1220 obstare
558 1166 719 1220 videt.
795 1165 979 1219 Gemit
1017 1166 1323 1220 inservante
1361 1184 1593 1220 noverca

84 1240 247 1294 Liber
285 1244 339 1294 et
378 1241 595 1310 obliquo
635 1243 945 1309 respectans
986 1240 1190 1293 lumine
1229 1244 1466 1309 patrem:

87 1314 272 1367 ‘Nunc
295 1314 388 1367 ubi
413 1333 574 1367 saeva
597 1332 804 1382 manus,
835 1332 1060 1382 meaque
1089 1314 1194 1367 heu
1220 1315 1488 1367 cunabula
1511 1315 1778 1383 flammae,

85 1386 336 1456 Fulmen,
374 1388 427 1441 io
470 1388 563 1440 ubi
600 1386 870 1440 fulmen‘?'
913 1387 1004 1440 ait.
1083 1387 1264 1440 Gemit
1305 1390 1491 1441 auctor
1530 1388 1757 1458 Apollo,

87 1460 233 1524 Quas
259 1461 406 1514 dedit
429 1462 562 1531 ipse,
586 1461 800 1525 domos3
822 1459 1056 1514 Lernam
1077 1460 1398 1531 Thebasque
1423 1462 1669 1531 rependit
1693 1475 1781 1516 890

87 1535 331 1589 Maestus
372 1538 427 1589 et
464 1536 671 1587 intento
713 1535 928 1587 dubitat
967 1534 1290 1604 Tirynthius
1332 1554 1481 1604 arcu3

86 1609 365 1663 Maternos
404 1610 619 1679 plangit
657 1609 874 1662 volucer
912 1607 1185 1662 Danaeius
1227 1610 1428 1679 Argos3

85 1682 209 1736 Flet
247 1682 432 1737 Venus
471 1683 804 1737 Harmoniae
842 1682 1076 1753 populos
1114 1685 1465 1752 metuensque
1504 1683 1684 1736 mariti

87 1755 212 1811 Stat
249 1757 438 1826 procul
478 1760 533 1810 et
572 1757 741 1810 tacita
781 1756 1077 1810 Gradivum
1116 1757 1338 1825 respicit
1376 1757 1474 1810 ira.

86 1831 337 1899 Increpat
377 1831 583 1883 Aonios
625 1829 799 1883 audax
838 1830 1088 1883 Tritonia
1127 1831 1300 1899 divos3
1690 1843 1778 1884 895

89 1904 351 1957 Iunonem
390 1904 618 1957 tacitam
656 1903 948 1956 furibunda
988 1904 1205 1956 silentia
1243 1908 1513 1972 torquent.

88 1977 216 2031 Non
263 1981 444 2030 tamen
491 1977 623 2030 haec
661 1977 886 2030 turbant
923 1995 1112 2046 pacem
1151 1977 1319 2030 Iovis:
1367 1995 1487 2030 ecce
1527 1977 1779 2046 quierant

88 2051 298 2121 Iurgia,
337 2068 458 2104 cum
497 2051 687 2104 mediis
728 2049 1009 2120 Capaneus
1049 2050 1265 2103 auditus
1305 2051 1363 2103 in
1401 2050 1580 2104 astris·

90 2124 350 2178 ‘Nullane
388 2143 485 2194 pro
525 2123 775 2195 trepidis'
815 2125 1110 2193 clamabat,
1151 2123 1392 2178 ‘numina
1429 2124 1632 2177 Thebis

90 2197 296 2252 Statis‘?
336 2198 430 2251 ubi
467 2199 719 2252 infandae
759 2215 951 2268 segnes
992 2198 1205 2251 telluris
1246 2199 1473 2267 alumni,
1693 2211 1781 2251 900

89 2270 333 2325 Bacchus
373 2276 427 2324 et
466 2271 721 2325 Alcides?
759 2272 926 2341 pudet
963 2272 1227 2341 instigare
1267 2274 1516 2325 minores,

210 2437 309 2476 896.
346 2431 596 2474 ‘Iunonem
629 2458 683 2463 —
715 2432 968 2487 torquent’
1005 2431 1155 2476 Serv.
1189 2431 1251 2475 ad
1281 2431 1395 2475 Aen.
1428 2431 1470 2475 X
1502 2437 1570 2476 63.

211 2582 296 2622 875
328 2576 390 2620 Hi
430 2577 485 2620 θ’
517 2579 550 2634 15
590 2583 623 2620 P
662 2577 723 2621 Et
763 2581 887 2634 ΒΠΙΙ
912 2583 998 2623 876
1037 2578 1124 2622 Est
1154 2578 1212 2621 θ’
1250 2577 1475 2634 quidnam
1515 2578 1643 2622 codd.
1682 2577 1780 2621 edd.

92 2635 232 2692 quid'
272 2634 328 2678 θ’
376 2636 491 2692 quid
535 2638 635 2680 tam
673 2650 787 2682 corr.
826 2637 1065 2682 Bentleius
1109 2636 1399 2693 Ecquidnam
1428 2636 1737 2681 Baehrensius
1766 2635 1783 2693 ΙΙ

92 2700 179 2740 879
218 2694 430 2739 Destruit
466 2699 500 2738 B
542 2696 657 2752 (ead.
696 2710 754 2741 m.
793 2710 907 2741 corr.
947 2710 1003 2740 eae
1039 2695 1267 2750 Restruit)
1308 2696 1365 2739 (³²
1411 2695 1623 2739 Restruit
1658 2698 1782 2736 Pax

94 2753 263 2798 Deruit
284 2755 512 2806 Barthius
539 2756 546 2810 Ι
573 2753 777 2810 lectique
799 2759 832 2797 P
860 2754 866 2812 Ι
892 2756 1146 2811 prementis
1170 2760 1203 2798 P
1235 2755 1477 2799 trementis
1502 2754 1635 2798 ceteri
1656 2755 1672 2807 fl
1695 2756 1778 2797 881

94 2812 222 2858 rudis
253 2812 376 2857 inter
406 2813 586 2869 templa
607 2818 640 2856 P
662 2816 678 2870 ΙΙ
701 2819 787 2859 886
818 2813 1072 2858 infestante
1096 2818 1130 2857 Β
1161 2828 1303 2870 mary.
1337 2813 1394 2856 (ξ’
1423 2813 1532 2856 Beh.
1568 2815 1594 2855 1
1627 2813 1784 2867 ῦΗΤΗ

96 2876 181 2916 891
216 2871 435 2927 dubitant
465 2879 497 2916 P
520 2874 536 2929 ΙΙ
559 2876 645 2918 896
676 2871 826 2916 tacita,
856 2877 888 2916 P
911 2875 926 2931 ΙΙ
950 2877 1034 2917 901
1066 2872 1214 2930 pudet
1245 2878 1318 2915 ΡΤ
1349 2871 1482 2927 piget
1511 2870 1665 2913 BG²H
