2008 3198
686 892 936 951 Editoris
975 876 1272 967 praefatio,

283 1110 366 1165 De
404 1111 657 1165 universa
693 1129 866 1166 novae
913 1110 1073 1164 huius
1107 1108 1269 1163 Statii
1308 1109 1561 1164 editionis
1600 1110 1827 1179 ratione,

134 1185 261 1254 quid
300 1185 435 1238 mihi
474 1186 531 1238 in
578 1204 642 1239 ea
690 1185 1019 1240 conficienda
1060 1185 1436 1255 proposuerim
1477 1188 1640 1254 atque
1686 1187 1747 1237 ut
1794 1203 1826 1237 a

133 1259 268 1312 viris
324 1259 497 1313 doctis
545 1260 870 1329 probaretur
917 1260 1155 1312 effecisse
1202 1258 1487 1328 voluerim,
1547 1275 1680 1312 cum·
1714 1258 1826 1311 iam

135 1333 268 1386 satis
311 1334 478 1387 verba
523 1333 715 1388 fecisse
762 1333 898 1387 mihi
937 1333 1118 1387 videar
1160 1332 1218 1386 in
1264 1333 1600 1402 praefatione
1641 1332 1823 1385 Achil·

133 1406 261 1460 leidi
292 1408 607 1476 praemissa,
644 1426 805 1477 quam
839 1411 964 1460 ante
997 1408 1232 1476 quinque
1265 1424 1434 1459 annos
1467 1407 1827 1477 promulgavi,

132 1498 274 1534 nunc
329 1482 463 1534 satis
511 1481 676 1534 habui
725 1481 959 1534 breviter
1007 1498 1300 1549 exponere,
1355 1481 1550 1549 quibus
1607 1480 1824 1533 auxiliis

134 1554 348 1608 adiutus
403 1573 488 1607 me
544 1555 609 1608 ad
663 1555 802 1608 hanc
855 1573 1053 1608 novam
1101 1552 1402 1625 Thebaidos
1457 1554 1826 1608 recensionem

130 1628 512 1697 perficiendam
567 1629 904 1683 accinxerim.
982 1628 1137 1691 Quod
1189 1627 1405 1697 quidem
1456 1646 1519 1681 eo
1567 1628 1826 1681 libentius

131 1701 258 1771 feci,
296 1720 417 1756 cum
455 1703 713 1757 fasciculo
753 1703 911 1756 huius
951 1702 1242 1756 voluminis
1281 1702 1476 1772 priore,
1517 1702 1609 1771 qui
1645 1701 1825 1755 Achil-

131 1776 276 1829 leida
322 1777 753 1845 comprehendit,
807 1777 1007 1830 emisso
1055 1776 1315 1847 permulti
1359 1776 1462 1829 viri
1509 1775 1826 1844 doctissimi,

133 1867 359 1920 quorum
411 1850 668 1904 iudicium
715 1851 775 1903 in
813 1851 897 1903 his
940 1851 1102 1904 rebus
1156 1850 1377 1919 plurimi
1428 1850 1826 1903 aestimandum

132 1926 227 1992 est,
270 1924 595 1977 amicissime
635 1943 721 1977 me
761 1924 1035 1977 adhortati
1077 1924 1199 1993 sint,
1238 1927 1299 1976 ut
1330 1942 1464 1993 opus
1498 1923 1684 1976 eadem
1719 1942 1825 1992 qua

131 1997 453 2067 incepissem
499 1999 706 2052 ratione
754 1998 1140 2052 continuarem.
1227 1997 1343 2060 Quo
1400 1998 1564 2050 etiam
1619 1997 1823 2050 factum

131 2074 241 2140 est,
286 2075 348 2125 ut
395 2072 694 2126 desinerem
741 2072 989 2125 dubitare
1036 2071 1140 2124 toti
1183 2071 1450 2125 volumini
1489 2089 1685 2124 nomen
1723 2071 1825 2124 viri

130 2145 279 2198 illius
320 2146 694 2199 inlustrissimi
740 2152 802 2200 ac
849 2146 984 2199 mihi
1032 2163 1242 2214 semper
1286 2145 1602 2216 gratissimo
1642 2144 1823 2198 animo

133 2219 342 2273 colendi
376 2238 722 2289 praeponere,
755 2238 859 2289 quo
894 2220 1239 2274 adhortatore
1265 2219 1511 2288 equidem
1536 2237 1658 2272 cum
1684 2236 1824 2271 anno

128 2290 554 2347 MDCGOLXVI
607 2293 848 2348 Parisios
894 2312 981 2347 me
1024 2293 1322 2347 conferrem
1374 2293 1634 2362 impulsus
1690 2311 1826 2360 sum,

130 2369 193 2419 ut
254 2385 352 2437 pro
407 2368 613 2421 viribus
669 2368 802 2421 meis
862 2367 928 2420 ad
988 2366 1408 2436 perscrutandos
1464 2366 1824 2420 bibliothecae

130 2443 259 2493 tunc
288 2441 587 2509 imperialis
621 2442 828 2496 codices
867 2441 933 2495 ad
966 2439 1202 2494 Statium
1242 2442 1460 2510 eiusque
1495 2440 1826 2493 scholiasten

131 2514 464 2583 pertinentes
506 2516 844 2586 aggrederer.

280 2586 435 2650 Quod
482 2588 546 2641 de
586 2589 886 2642 Achilleide
933 2586 1127 2658 (praef.
1174 2607 1223 2657 p.
1261 2587 1418 2659 VIII)
1466 2587 1822 2658 pronunciare

132 2661 314 2730 debui,
361 2679 446 2714 me
486 2662 630 2715 viam
671 2664 975 2733 ingressum
1014 2661 1254 2715 nondum
1292 2661 1623 2731 patefactam
1664 2664 1822 2728 atque

131 2738 375 2804 apertam
413 2753 556 2788 nova
595 2740 847 2789 conatum
880 2754 997 2789 esse
1028 2735 1382 2789 fundamenta
1413 2736 1586 2788 iacere
1619 2752 1680 2787 ac
1713 2751 1825 2786 mu-

131 2810 273 2877 nire,
320 2808 375 2861 id
418 2809 475 2861 in
514 2807 791 2864 Thebaide
829 2808 1158 2863 recensenda
1196 2809 1260 2862 de
1301 2828 1392 2863 sex
1431 2807 1822 2877 posterioribus

55 2892 57 2894 ’
131 2885 348 2936 tantum
395 2883 551 2935 libris
601 2883 776 2937 dicere
826 2902 1071 2953 possum,
1128 2901 1248 2936 cum
1303 2902 1394 2936 sex
1450 2882 1658 2951 priores
1714 2880 1823 2934 iam
