2008 3198
695 170 1038 217 THEBAIDOS
1070 170 1182 216 LIB.
1214 170 1271 216 ΙΙ.
1759 168 1828 224 37

139 294 221 348 Tu
258 294 462 364 potior,
506 293 784 362 Thebane,
825 293 998 362 queri:
1038 311 1138 346 nos
1179 310 1306 345 vero
1346 291 1590 345 volentes

136 367 496 437 Expositique
538 366 770 420 animis?
847 367 953 420 Hic
992 367 1279 419 interfatus
1321 368 1374 418 et
1414 366 1569 436 alter·

137 440 369 496 Subicit:
411 441 587 494 ‘Anne
629 442 824 511 aliquis
865 458 1077 494 soceros
1119 440 1368 494 accedere
1407 440 1545 492 tales

135 516 395 570 Abnuat‘?
436 516 680 568 exulibus
723 533 1049 584 quamquam
1088 514 1370 583 patriaque
1410 513 1612 584 fugatis
1746 527 1828 567 190

137 589 395 644 Nondum
434 591 579 642 laeta
616 589 824 658 VenuS,
864 593 1046 641 tamen
1087 589 1260 641 omnis
1301 587 1457 640 corde
1497 586 1697 640 resedit

137 664 408 733 Tristitia,
448 664 712 732 adfixique
755 663 935 716 animo
976 680 1182 716 cessere
1222 661 1450 714 dolores.

135 737 251 791 Nec
289 739 469 790 minus
508 738 641 790 haec
682 737 811 789 laeti
849 736 1117 789 trahimus
1158 735 1381 803 solacia,
1422 753 1584 805 quam
1624 735 1670 786 si

136 811 429 880 Praecipiti
470 812 728 864 convulsa
765 814 896 863 noto
938 813 1248 879 prospectet
1287 809 1518 862 amicam

136 884 341 955 Puppis
382 885 622 938 humum.
697 884 856 938 Iuvat
895 885 1170 954 ingressos
1210 883 1393 937 felicia
1430 882 1588 953 regni
1743 894 1826 936 195

136 958 355 1028 Omina,
395 959 538 1028 quod
578 962 825 1028 superest
866 959 965 1011 fati
1007 959 1255 1027 vitaeque
1295 958 1540 1010 laborum

136 1032 377 1086 Fortuna
414 1034 650 1086 transire
689 1032 820 1086 tua.'
898 1032 1016 1086 Nec
1055 1033 1213 1101 plura
1252 1032 1451 1084 morati

138 1104 506 1177 Consurgunt,
547 1107 706 1160 dictis
746 1107 1044 1177 impensius
1086 1109 1315 1176 aggerat
1355 1123 1512 1158 omne

135 1179 473 1235 Promissum
514 1181 769 1234 Inachius
809 1185 988 1251 pater,
1031 1181 1333 1249 auxilioque
1373 1179 1616 1231 futurum

139 1253 214 1308 Et
251 1255 445 1323 patriis
487 1256 720 1324 spondet
758 1256 980 1308 reduces
1021 1255 1272 1307 inducere
1311 1253 1510 1324 regnis,
1747 1265 1832 1306 200

211 1327 361 1398 Ergo
402 1329 606 1383 alacres
647 1330 808 1398 Argi,
846 1328 967 1382 fuso
1008 1346 1225 1381 rumore
1265 1346 1360 1397 per
1399 1329 1588 1380 urbem

139 1400 437 1455 Advenisse
479 1402 601 1455 duci
641 1420 866 1472 generos
905 1403 1204 1471 primisque
1244 1401 1559 1471 hymenaeis

138 1474 432 1545 Egregiam
475 1476 687 1547 Argian
724 1495 822 1529 nec
862 1475 1069 1528 formae
1109 1475 1269 1528 laude
1311 1474 1597 1527 secundam

138 1548 412 1617 Deipylen
452 1550 661 1604 tumida
700 1551 807 1603 iam
849 1550 1167 1620 virginitate
1208 1549 1408 1618 iugari,

140 1622 351 1676 Gaudia
389 1627 572 1676 mente
613 1627 836 1693 parant;
878 1625 1052 1676 socias
1092 1624 1137 1676 it
1171 1621 1341 1675 Fama
1379 1640 1476 1691 per
1514 1622 1698 1692 urbeS‚
1748 1634 1832 1676 205

137 1695 518 1766 Finitimisque
561 1698 804 1767 agitatur
844 1698 990 1768 agris
1031 1698 1219 1767 procul
1259 1715 1429 1766 usque
1468 1695 1708 1765 Lycaeos

138 1769 568 1854 Partheniosque
611 1791 771 1841 super
813 1773 983 1825 saltus
1022 1771 1420 1841 Ephyraeaque
1461 1789 1601 1822 rura.

137 1843 251 1896 Nec
292 1844 471 1897 minus
512 1844 755 1915 Ogygias
798 1845 982 1898 eadem
1026 1846 1126 1897 dea
1165 1845 1383 1897 turbida
1422 1844 1637 1897 Thebas

137 1917 321 1970 Insilit
366 1918 501 1971 haec
540 1919 673 1971 totis
713 1919 990 1988 perfundit
1030 1919 1245 1971 moenia
1283 1918 1490 1987 pinnis:

139 1990 576 2061 Labdaciumque
617 1994 806 2046 ducem
845 1992 1174 2062 praemissae
1215 2010 1455 2045 consona
1492 1992 1642 2044 nocti
1741 2005 1828 2045 210

138 2064 399 2134 Territat3
439 2066 680 2135 hospitia
722 2070 775 2119 et
808 2067 1084 2130 thalamos
1120 2068 1174 2118 et
1212 2065 1430 2118 foedera
1469 2066 1625 2136 regni

136 2137 581 2209 Permixtumque
622 2159 793 2211 genus
842 2142 1002 2210 (quae
1042 2143 1197 2193 tanta
1234 2140 1456 2193 lieentia
1496 2142 1739 2192 monstro
1749 2181 1763 2206 ,

141 2212 271 2276 Quis
311 2214 461 2266 furor
501 2214 662 2285 estP),
702 2215 812 2267 iam
851 2215 996 2267 bella
1029 2216 1188 2267 canit.
1212 2245 1284 2252 —
1313 2213 1618 2266 Diffuderat
1649 2212 1831 2282 Argos

139 2285 444 2356 Expectata
484 2288 621 2341 dies:
661 2290 803 2342 laeto
837 2289 1046 2358 regalia
1085 2291 1241 2342 coetu

140 2360 300 2413 Atria
340 2362 701 2431 complentur,
742 2363 944 2430 species
986 2366 1069 2415 est
1109 2380 1322 2414 cernere
1365 2380 1587 2415 avorum
1746 2374 1830 2414 215

142 2432 459 2487 Comminus
496 2440 554 2489 et
593 2437 731 2490 vivis
774 2436 1038 2489 certantia
1077 2436 1316 2488 vultibus
1358 2454 1497 2489 aera.

262 2584 346 2623 203
367 2593 432 2634 sq.
464 2580 723 2637 ‘egregiam
744 2608 794 2614 —
816 2580 1072 2638 Deipylen'
1102 2579 1379 2625 Priscian.
1408 2582 1447 2624 II
1476 2585 1516 2635 8,
1541 2586 1598 2625 46
1627 2595 1671 2636 p.
1699 2585 1752 2624 72
1775 2580 1829 2625 H.

140 2713 327 2768 lacuna)
354 2713 662 2758 Baehrensius
683 2715 699 2771 u
725 2718 808 2759 188
826 2714 903 2758 hic
921 2714 1248 2758 Lachmannus
1273 2713 1339 2757 sic
1364 2715 1490 2759 codd.
1516 2714 1530 2769 ΙΙ
1555 2717 1639 2756 203
1665 2710 1832 2767 argian

137 2771 242 2814 30²
276 2772 423 2816 Prisc.
458 2787 514 2815 rc
547 2771 727 2828 argiam
757 2778 882 2816 1’111·
905 2776 920 2829 ΙΙ
944 2777 1028 2817 208
1054 2772 1230 2816 vadens
1263 2772 1352 2816 dea
1374 2773 1682 2817 Baehrensius
1705 2772 1720 2827 ΙΙ
1743 2775 1829 2815 209

149 2829 266 2874 haec
290 2830 468 2874 nafis
503 2834 745 2887 (suprascr.
782 2833 846 2889 et)
880 2837 925 2875 Μ
957 2845 1010 2875 ac
1042 2836 1083 2874 Η
1116 2834 1164 2875 et
1195 2832 1323 2889 Lips.
1357 2833 1452 2876 edd.
1480 2832 1604 2886 11213
1636 2828 1766 2874 furor
1787 2831 1827 2887 ‘?)

144 2891 192 2932 et
222 2888 317 2933 iam
356 2890 685 2935 Lachmannus
