2028 3190
225 129 337 183 296
808 129 857 175 Ρ.
892 129 1122 177 PAPINJI
1153 130 1344 177 sTATu

229 250 531 319 Laudibus3
573 250 660 304 hio
699 250 845 304 vieta
884 251 1100 320 genitor
1137 243 1494 306 lacrimabilis
1532 254 1615 308 ira

229 323 541 394 Congemit,
582 327 636 377 et
673 325 893 378 tandem
931 325 1095 377 matri
1135 325 1262 378 data
1299 326 1426 378 flere
1463 330 1731 397 potestas:

229 397 630 451 ‘Lustralemne
669 398 809 463 ferisx
839 416 939 469 ego
979 402 1057 468 te,
1097 417 1230 468 puer
1267 399 1476 470 inclite,
1515 401 1716 456 Thebis

224 471 600 541 Devotumque
642 475 803 541 caput
842 473 965 526 vilis
1007 490 1102 525 eeu
1141 476 1317 526 mater
1356 474 1605 528 alebam?

226 545 381 608 Quod
421 546 612 599 molita
649 546 847 599 nefas?
887 547 973 600 eui
1010 549 1224 600 tantum
1263 548 1436 600 invisa
1474 549 1732 603 deorum?
1807 553 1919 604 '795

226 619 354 674 Non
394 637 494 689 ego
535 620 884 674 monstrifero
926 622 1071 674 coitu
1110 621 1356 675 revoluta
1396 623 1593 676 novavi

225 694 487 764 Pignora,
525 712 624 747 nee
663 696 792 747 nato
832 695 1017 763 peperi
1055 694 1273 748 funesta
1311 703 1552 765 nepotes.

226 767 367 831 Quid
406 767 608 820 refert?
649 769 856 836 potitur
894 769 1039 822 natis
1078 767 1295 822 Iocasta
1335 770 1599 840 ducesque

224 841 643 912 Regnantesque
682 842 850 894 videt:
889 860 988 895 nos
1031 860 1192 896 saeva
1230 843 1444 912 piacula
1481 844 1624 897 bello

225 916 454 985 Demus,
485 919 546 968 ut
580 917 779 968 alterni
805 914 1008 987 (placet
1032 916 1135 970 hoo
1158 918 1284 987 tibi,
1314 917 1560 970 fulminis
1587 918 1797 990 auctor)
1830 932 1919 973 800

227 988 609 1059 Oedipodionii
648 992 861 1043 mutent
901 990 1206 1043 diademata
1244 992 1462 1044 fratres!

225 1063 364 1126 Quid
405 1081 626 1133 superos
666 1064 981 1117 hominesve
1022 1064 1253 1133 queror?
1292 1061 1375 1133 tu,
1415 1083 1573 1118 saeve
1611 1064 1918 1135 Menoeceu,

226 1137 311 1190 Tu
342 1138 599 1191 miseram
632 1141 755 1190 ante
789 1155 973 1191 omnes
1001 1139 1308 1207 properasti
1332 1139 1644 1208 extinguere
1669 1143 1915 1193 matrem.

223 1210 379 1264 Unde
419 1211 507 1264 hie
547 1212 735 1264 mortis
776 1211 966 1264 amor?
1006 1231 1141 1281 quae
1182 1230 1335 1264 saera
1374 1213 1587 1265 insania
1625 1213 1832 1266 menti?

225 1284 440 1347 Quosve
474 1302 574 1355 ego
608 1288 919 1354 concethS‚
954 1289 1048 1338 aut
1080 1304 1215 1355 quae
1249 1286 1392 1339 mala
1422 1287 1654 1356 pignora
1676 1287 1792 1340 fudi
1830 1300 1919 1361 895

224 1358 362 1411 Tam
405 1359 618 1411 diversa
657 1358 828 1411 mihi?
867 1358 1123 1412 nimirum
1163 1359 1395 1412 Martius
1436 1361 1651 1430 anguis,
1876 1364 1879 1365 ⁷

225 1432 480 1502 Quaeque
519 1433 675 1486 novis
715 1451 977 1502 proavum
1016 1434 1175 1486 tellus
1217 1433 1454 1486 effloruit
1493 1434 1657 1487 armis
1695 1464 1769 1472 —

222 1506 368 1559 Hine
409 1506 577 1559 animi
615 1507 798 1559 tristes
838 1507 1145 1576 nimiusque
1184 1507 1242 1559 in
1282 1511 1498 1575 pectore
1537 1507 1781 1576 Mavors,

221 1579 299 1633 Et
339 1580 401 1633 de
442 1583 615 1633 matre
653 1580 806 1633 nihil.
882 1578 1086 1649 Sponte
1127 1599 1194 1633 en
1233 1582 1481 1651 ultroque
1521 1585 1832 1651 peremptus

223 1653 499 1723 Inrumpis
539 1657 775 1706 maestas
814 1654 945 1706 fatis
985 1655 1296 1707 nolentibus
1336 1655 1579 1707 umbras:
1827 1669 1917 1710 810

223 1728 330 1781 Ast
371 1730 586 1796 egomet
623 1727 843 1780 Danaos
885 1725 1240 1797 Capaneaque
1280 1729 1393 1780 tela
1431 1728 1670 1781 verebar.

222 1801 374 1855 Haeo
398 1804 529 1869 erat,
554 1801 688 1854 haee
705 1801 992 1854 metuenda
1009 1820 1201 1854 manus
1219 1802 1544 1872 ferrumque,
1570 1802 1714 1871 quod
1731 1820 1919 1856 amens

223 1875 353 1945 Ipsa
393 1875 537 1944 dedi3
577 1874 754 1928 viden'
796 1879 857 1929 ut
895 1876 1079 1945 iugulo
1121 1876 1514 1946 consumpserit
1552 1876 1776 1930 ensem?

222 1949 404 2002 Altius
444 1949 579 2002 haut
620 1950 905 2019 quisquam
945 1949 1194 2002 Danaum
1234 1968 1489 2003 mucrone
1530 1949 1798 2004 subisset?

296 2023 518 2076 Diceret
555 2023 746 2075 infelix
786 2023 1081 2076 etiamnum
1122 2027 1176 2076 et
1215 2027 1407 2077 cuneta
1444 2024 1680 2093 repleret
1829 2035 1919 2077 815

225 2097 579 2159 Quaestibus:
621 2097 895 2150 abducunt
936 2097 1155 2149 comites
1195 2097 1533 2166 famulaeque
1572 2114 1823 2165 perosam

226 2168 473 2223 Solantes
514 2170 867 2239 thalamoque
906 2173 1119 2238 tenent,
1160 2170 1309 2222 sedet
1349 2174 1502 2223 eruta
1539 2170 1713 2224 multo

223 2243 419 2312 Ungue
460 2260 649 2313 genas3
690 2262 801 2296 non
839 2243 936 2295 illa
977 2243 1139 2312 diem,
1178 2261 1288 2296 non
1326 2243 1491 2296 verba
1529 2246 1848 2313 precantum

344 2374 475 2419 Inter
505 2387 544 2418 v.
580 2377 666 2419 791
700 2377 741 2418 et
773 2375 866 2419 792
905 2374 957 2417 in
989 2378 1022 2415 P
1053 2387 1205 2418 versus
1236 2386 1393 2418 erasus
1424 2387 1513 2418 esse
1542 2374 1744 2429 videtur,
1784 2374 1919 2418 euius

223 2433 412 2479 initium
466 2434 641 2477 litterae
673 2432 859 2486 fuerunt
891 2433 945 2475 In
978 2466 987 2475 .
1015 2469 1023 2477 .
1053 2468 1059 2476 .
1086 2434 1101 2489 ΙΙ
1127 2437 1212 2477 796
1257 2431 1386 2475 cultu
1418 2437 1450 2474 P
1478 2435 1484 2487 Ι
1511 2432 1682 2477 novavi
1714 2447 1740 2486 p
1771 2432 1911 2477 Behh.

222 2498 262 2536 Β.
311 2491 430 2538 Golb.
478 2495 520 2534 Η
568 2491 791 2535 Heinsius
835 2490 1164 2536 Lachmannus
1217 2490 1379 2535 notavi
1422 2491 1575 2534 Bam
1629 2491 1791 2535 natavi
1837 2495 1870 2533 P
1898 2490 1915 2550 Η

226 2557 312 2597 798
337 2556 378 2596 et
412 2555 495 2596 799
529 2551 581 2595 in
603 2554 635 2592 P
667 2551 787 2594 inter
817 2564 861 2594 se
891 2551 1163 2607 transpositi
1189 2551 1401 2608 leguntur
1423 2553 1439 2607 ΙΙ
1465 2555 1548 2595 798
1579 2549 1758 2606 potitur
1787 2548 1917 2593 natis

225 2615 258 2653 P
290 2610 437 2654 habet
469 2622 575 2653 ecoe
609 2622 715 2652 suos
747 2610 880 2653 ceteri
911 2623 1018 2653 suos
1051 2623 1133 2654 om.
1162 2614 1188 2652 S
1212 2612 1227 2666 ΙΙ
1251 2614 1338 2653 800
1370 2608 1563 2653 alternis
1588 2614 1620 2652 P
1643 2611 1658 2666 ΙΙ
1681 2613 1767 2653 802
1801 2607 1916 2662 Quis

225 2674 258 2712 P
284 2671 292 2726 Ι
318 2668 575 2716 menochefi
605 2673 638 2711 P
669 2669 685 2724 11
716 2672 800 2712 803
834 2666 1054 2725 extingue
1086 2673 1118 2711 P
1142 2669 1155 2725 ΙΙ
1181 2673 1265 2713 805
1298 2668 1425 2712 mala
1454 2673 1532 2711 PG
1562 2667 1684 2711 male
1715 2666 1870 2710 BG²1
1899 2667 1914 2724 Η

225 2728 356 2773 Inter
387 2743 426 2773 v.
454 2732 549 2773 808
573 2732 613 2773 et
637 2730 727 2772 809
759 2728 924 2771 iterum
955 2729 1008 2772 in
1029 2732 1062 2770 P
1093 2741 1248 2772 versus
1278 2741 1435 2772 erasus
1462 2732 1540 2782 est,
1572 2728 1703 2771 cuius
1726 2726 1914 2770 initium

222 2788 366 2842 fuisse
395 2788 575 2833 videtur
605 2786 806 2841 Inrump.
836 2820 843 2829 .
873 2819 881 2829 .
916 2788 971 2839 (v.
1005 2787 1113 2843 810)
1138 2788 1154 2843 ΙΙ
1178 2791 1261 2831 811
1294 2785 1382 2829 Ast
1411 2790 1498 2829 lm
1527 2785 1591 2829 At
1621 2790 1653 2828 P
1683 2784 1793 2829 Beh.
1827 2796 1912 2829 om.

226 2847 284 2887 (3²
307 2849 321 2901 Η
347 2851 432 2890 814
465 2847 549 2890 aut
577 2847 643 2902 ΡΙ
672 2844 823 2888 danao
855 2848 919 2886 Bo
