2028 3190
700 169 1042 216 THEBAIDOS
1073 170 1185 217 LIB.
1217 170 1273 216 X.
1723 170 1830 223 285

145 292 387 364 Ungula,
428 293 755 362 sanguineus
794 292 943 345 lavat
978 292 1154 344 imber
1192 294 1248 344 et
1284 291 1513 360 impedit
1552 309 1694 345 axes,
1786 331 1790 335 .

144 367 317 421 Dulce
355 366 486 421 viris
525 367 628 419 hac
665 367 742 418 ire
782 366 897 436 via,
938 384 1031 419 ceu
1070 369 1216 419 tecta
1256 366 1474 434 superbi
1745 377 1831 418 480

147 440 372 495 Sidonia
412 443 572 510 atque
611 440 759 510 ipsas
799 441 1006 493 calcent
1041 440 1100 492 in
1139 440 1402 508 sanguine
1442 439 1670 493 Thebas.

144 514 414 568 Hortatur
453 513 756 583 Capaneus:
797 513 972 568 ‘Satis
1012 514 1303 580 occultata,
1343 513 1581 583 Pelasgi,

148 588 384 642 Delituit
421 589 618 642 virtus:
657 606 800 641 nunc
840 591 924 641 est
962 588 1097 640 mihi
1135 587 1347 641 vincere
1385 587 1670 658 pulchrum

146 662 307 728 Teste
346 662 453 732 die;
494 680 703 715 mecum
743 662 977 715 clamore
1018 666 1072 714 et
1109 662 1330 731 pulvere
1371 666 1559 730 aperto

147 736 229 790 Ite
267 737 471 806 palam,
509 736 751 789 iuvenes:
793 738 919 789 sunt
958 738 1013 788 et
1051 735 1188 788 mihi
1226 735 1453 804 provida
1491 735 1711 789 dextrae
1749 748 1834 788 485

148 809 387 863 Numina
427 813 482 863 et
519 809 772 862 horrendi
813 811 1003 863 stricto
1045 827 1300 862 mucrone
1339 809 1582 862 furores?

151 882 240 937 Sao
281 884 380 953 ait3
420 883 669 937 ardentes
710 884 889 937 alacer
930 883 1203 937 succendit
1241 883 1510 936 Adrastus

148 957 545 1028 Argolicusque
586 975 770 1028 gener,
811 957 1054 1027 sequitur
1093 958 1200 1010 iam
1239 958 1452 1010 tristior
1493 973 1682 1026 augur.

146 1031 370 1101 Iamque
407 1031 660 1100 premunt
697 1050 881 1085 muros
922 1030 1002 1102 (et
1040 1031 1213 1084 adhuc
1250 1049 1390 1084 nova
1428 1031 1619 1084 funera
1651 1035 1840 1084 narrat

149 1104 449 1176 Amphion)
490 1106 850 1176 miseramque
889 1105 1171 1158 intrabant
1208 1105 1456 1174 protinus
1495 1105 1706 1174 urbem,
1753 1118 1839 1158 490

148 1178 221 1232 Ni
259 1179 546 1251 Megareus
586 1181 804 1249 specula
843 1179 980 1232 citus
1021 1181 1375 1232 exclamasset
1415 1179 1483 1231 ab
1524 1179 1661 1232 alta:

151 1251 401 1321 ‘Claude,
433 1254 590 1323 vigil,
623 1254 854 1307 subeunt
884 1254 1094 1320 hosteS,
1126 1253 1312 1306 claude
1343 1253 1578 1321 undique
1602 1251 1839 1322 portasl'

225 1327 328 1379 Est
365 1327 461 1379 ubi
500 1328 593 1379 dat
629 1328 771 1380 vires
811 1327 1013 1379 nimius
1053 1328 1239 1380 timor:
1280 1327 1428 1379 ocius
1469 1327 1644 1379 omnis

151 1399 317 1452 Porta
356 1401 486 1468 coit3
528 1400 670 1453 solas
710 1401 837 1453 dum
876 1400 1085 1453 tardius
1127 1403 1272 1452 artat
1310 1400 1522 1453 Echion

153 1472 395 1544 Ogygias
406 1516 420 1543 ,
459 1474 632 1526 audax
672 1474 866 1527 animis
908 1473 1178 1542 Spartana
1218 1474 1468 1526 iuventus
1755 1486 1841 1527 495

152 1547 389 1616 Inrupit,
429 1547 677 1616 caesique
715 1552 881 1600 ruunt
918 1548 974 1599 in
1014 1548 1201 1600 limine
1241 1548 1416 1617 primo

152 1620 339 1674 Incola
377 1620 611 1690 Taygeti
650 1621 934 1690 Panopeus
974 1621 1244 1691 rigidique
1282 1625 1502 1674 natator

155 1693 390 1747 Oebalus
429 1695 692 1764 Eurotae3
731 1699 920 1765 tuque,
963 1713 993 1748 o
1035 1698 1272 1764 spectate
1310 1694 1596 1764 palaestris

155 1767 418 1821 Omnibus
460 1772 513 1821 et
551 1787 722 1838 nuper
760 1768 1030 1822 Nemeaeo
1070 1770 1127 1821 in
1166 1769 1387 1837 pulvere
1426 1768 1578 1836 felix,

156 1842 460 1910 Alcidama,
501 1842 692 1911 primis
733 1862 892 1912 quem
932 1843 1200 1895 caestibus
1240 1843 1356 1912 ipse
1396 1843 1599 1913 ligarat
1758 1855 1843 1894 500

156 1915 508 1983 TyndarideS,
546 1915 706 1968 nitidi
745 1917 980 1969 moriens
1020 1934 1258 1969 convexa
1296 1916 1544 1985 magistri

155 1988 427 2057 Respicis:
469 2007 658 2042 averso
698 1991 902 2058 pariter
941 1990 1071 2043 deus
1113 1990 1309 2043 occidit
1349 1992 1511 2042 astr0.

156 2061 232 2115 Te
270 2080 459 2115 nemus
500 2061 808 2132 Oebalium,
846 2068 901 2116 te
942 2064 1151 2116 lubrica
1188 2063 1309 2132 ripa
1347 2062 1624 2115 Lacaenae

158 2134 403 2206 Virginis
445 2139 499 2188 et
536 2137 674 2189 falso
716 2155 915 2207 gurges
956 2141 1207 2190 cantatus
1249 2137 1386 2189 olori

158 2207 366 2278 Flebit,
401 2209 706 2280 Amyclaeis
748 2210 963 2265 Triviae
1002 2211 1259 2282 lugebere
1298 2210 1578 2279 nymphiS,
1761 2223 1845 2262 505

278 2359 378 2398 493.
417 2355 526 2399 ‘Est
557 2381 614 2388 —-
645 2356 809 2400 timor’
851 2356 998 2401 Serv.
1033 2356 1093 2400 ad
1125 2355 1239 2400 Aen.
1272 2355 1314 2398 II
1345 2360 1444 2400 354.

280 2491 368 2530 479
399 2486 520 2530 libat
550 2490 583 2529 P
605 2488 620 2544 ΙΙ
644 2491 728 2531 481
763 2488 992 2546 sanguine
1025 2494 1057 2532 P
1087 2488 1278 2545 pulvere
1311 2490 1442 2533 ceteri
1465 2491 1480 2544 ss
1504 2492 1589 2532 483
1621 2500 1744 2530 nunc
1777 2487 1848 2529 est

162 2549 195 2587 P
248 2558 372 2588 nunc
423 2559 547 2589 nunc
594 2548 726 2591 ceteri
762 2549 779 2604 u
819 2552 904 2593 486
953 2547 1122 2591 Omina
1167 2549 1293 2592 codd.
1334 2549 1430 2592 edd.
1483 2546 1687 2590 Numina
1733 2558 1847 2589 corr.

164 2603 380 2649 Menkius
402 2606 499 2650 coll.
527 2606 630 2649 III
649 2610 740 2650 615
762 2608 778 2662 ΙΙ
802 2612 886 2652 487
924 2606 1135 2650 succedit
1163 2612 1196 2649 P
1219 2608 1234 2663 ΙΙ
1258 2612 1344 2651 490
1375 2606 1618 2650 intrabant
1640 2609 1673 2646 P
1691 2618 1764 2660 pr.
1790 2618 1847 2647 m.

163 2662 318 2705 BG²M
357 2662 591 2707 intrarant
619 2669 651 2706 P
682 2679 738 2710 m.
771 2679 852 2711 sec.
894 2665 1151 2710 intrassent
1181 2670 1222 2708 Η
1253 2668 1268 2722 ΙΙ
1299 2670 1386 2710 495
1420 2664 1566 2708 animi
1596 2668 1641 2706 M
1675 2662 1848 2707 Grono-

163 2721 264 2766 vius
294 2724 310 2779 ΙΙ
340 2726 423 2767 497
466 2722 699 2779 ridigique
730 2728 762 2766 P
793 2727 808 2780 11
841 2729 926 2769 500
970 2724 1264 2769 Alcidamma
1293 2729 1326 2767 P
1359 2728 1366 2778 Ι
1402 2723 1587 2779 ligabat
1617 2726 1649 2764 P
1680 2720 1850 2778 ligavit

163 2828 198 2924 ξ
211 2795 525 2927 ὲιῦξὲἷθοὲιῑ
571 2830 604 2868 r
647 2825 768 2870 01011
808 2831 883 2869 er
921 2827 1102 2885 Anqlic.
1152 2827 1279 2872 olore
1318 2827 1472 2869 nem
1511 2829 1526 2882 ιι
1565 2830 1651 2869 505
1697 2823 1851 2868 Fleuit
