2008 3198
227 179 298 231 12
803 180 852 224 P.
885 180 1111 225 PAPINII
1142 179 1336 225 STATII

228 300 386 364 Quod
426 301 472 353 si
512 301 690 369 prisca
728 301 886 354 luunt
925 305 1205 355 auctorum
1245 301 1470 354 crimina
1509 302 1697 371 gentes

225 373 593 444 Subvenitque
630 375 739 427 tuis
781 394 900 429 sera
937 375 1072 429 haec
1111 375 1380 429 sententia
1419 375 1580 442 curiS,

223 448 547 502 Percensere
587 449 706 502 aevi
746 450 976 503 senium:
1016 467 1118 518 quo
1159 452 1404 518 tempore
1442 448 1663 502 tandem

223 522 513 576 Terrarum
550 522 721 575 furias
762 524 979 576 abolere
1020 527 1076 577 et
1116 524 1329 577 saecula
1366 526 1512 576 retro

223 595 530 649 Emendare
572 600 657 650 sat
695 598 814 651 est?
866 597 1184 651 Iamdudum
1225 598 1293 650 ab
1335 597 1550 650 sedibus
1589 596 1702 649 illis
1824 610 1912 651 270

227 669 430 740 Incipe,
473 671 765 741 fluctivaga
805 690 911 741 qua
948 671 1370 740 praeterlabitur
1407 671 1550 723 unda

229 742 468 798 Sicanios
510 746 672 815 longe
712 746 959 812 relegens
999 745 1243 814 Alpheos
1286 763 1511 798 amores.

224 817 464 871 Arcades
504 819 593 872 hic
632 822 729 872 tua
771 817 894 890 (nec
932 819 1107 887 pudor
1147 818 1252 891 est)
1291 819 1515 872 delubra
1552 818 1781 871 nefastis

222 891 536 962 Imposuere
575 894 732 963 locis,
771 894 880 946 illic
923 893 1218 946 Mavortius
1260 894 1374 946 axis

225 965 486 1020 Oenomai
527 966 821 1037 Geticoque
859 985 1020 1036 pecus
1060 967 1336 1020 stabulare
1377 967 1475 1020 sub
1517 965 1725 1019 Haemo
1826 978 1912 1020 275

224 1040 484 1110 Dignius,
523 1041 766 1110 abruptis
808 1042 1106 1094 etiamnum
1144 1042 1429 1094 inhumata
1467 1058 1755 1111 procorum

223 1113 490 1183 Reliquiis
530 1118 722 1168 trunca
761 1134 856 1168 ora
893 1116 1086 1184 rigent.
1162 1115 1367 1168 Tamen
1404 1115 1493 1167 hic
1531 1114 1634 1167 tibi
1672 1114 1864 1183 templi

223 1187 421 1241 Gratus
461 1189 657 1257 honOS‚
696 1190 877 1258 placet
914 1189 1011 1242 Ida
1049 1207 1247 1243 nocens
1286 1189 1620 1258 mentitaque
1658 1206 1843 1241 manes

225 1260 386 1316 Creta
424 1266 564 1316 tuos
641 1263 727 1315 Me
767 1263 1045 1316 Tantaleis
1087 1263 1379 1316 consistere
1418 1263 1602 1331 tectis,

225 1336 373 1399 Quae
411 1337 633 1390 tandem
672 1337 877 1391 invidia
916 1337 1035 1390 est?
1089 1335 1233 1389 Belli
1265 1337 1486 1389 deflecte
1517 1336 1784 1389 tumultus
1825 1349 1910 1389 280

223 1410 299 1464 Et
338 1411 550 1479 generis
589 1411 875 1464 miseresce
914 1412 1010 1463 tui.
1088 1409 1228 1464 Sunt
1266 1411 1437 1479 impia
1473 1411 1582 1463 late

226 1484 419 1552 Regna
457 1484 581 1553 tibi,
623 1485 818 1538 melius
858 1502 1084 1555 generos
1132 1503 1362 1554 passura
1399 1482 1690 1537 nocentes?

298 1557 541 1611 Finierat
579 1559 827 1627 precibus
868 1559 1100 1612 miscens
1142 1559 1385 1612 convicia
1423 1558 1576 1611 Iun0.
1671 1566 1674 1570 ’

224 1631 302 1686 At
340 1650 449 1684 non
488 1633 582 1684 ille
623 1634 804 1702 gravis
847 1633 1028 1701 dictis,
1070 1650 1398 1701 quamquam
1438 1649 1629 1700 aspera
1666 1634 1840 1697 mota,

222 1705 480 1758 Reddidit
502 1706 658 1758 haec:
693 1705 987 1774 eEquidem
1018 1706 1164 1758 haud
1195 1707 1354 1775 rebar
1385 1709 1439 1758 te
1471 1708 1652 1758 mente
1685 1705 1918 1761 secunda

222 1779 500 1849 Laturam‚
532 1780 906 1849 quodcumque
938 1783 1079 1849 tuos,
1110 1780 1235 1832 licet
1267 1797 1485 1849 aequus,
1517 1779 1576 1831 in
1607 1778 1787 1848 Argos
1827 1792 1914 1833 286

225 1851 598 1922 Consulerem‚
636 1871 812 1923 neque
851 1871 960 1923 me,
999 1854 1155 1906 detur
1194 1853 1241 1906 si
1281 1854 1460 1923 copia,
1499 1852 1644 1905 fallit

223 1926 400 1980 Multa
440 1945 600 1996 super
638 1927 838 1980 Thebis
878 1927 1153 1981 Bacchum
1194 1945 1552 1996 ausuramque
1591 1925 1806 1980 Dionen

224 2000 442 2070 Dicere,
483 2002 575 2054 sed
613 2002 787 2055 nostri
825 2002 1130 2055 reverentia
1168 2001 1419 2070 ponderis
1460 2001 1658 2054 obstat.

223 2074 540 2128 Horrendos
582 2075 782 2128 etenim
822 2075 1032 2144 laticeS,
1072 2073 1261 2145 Stygia
1301 2093 1534 2143 aequora
1571 2073 1756 2127 fratris
1819 2087 1905 2128 290

225 2148 483 2202 Obtestor
525 2147 863 2219 (mansurum
903 2153 1063 2218 atque
1103 2149 1468 2201 inrevocabile
1508 2146 1780 2218 verbum),

345 2297 432 2338 208
454 2308 551 2349 sqq.
576 2295 683 2349 ‘quo
710 2296 920 2351 tempore
938 2321 984 2327 —
1006 2293 1253 2337 emendare
1278 2292 1422 2337 facta'
1451 2291 1740 2348 Eutyches
1759 2293 1832 2338 lib.
1853 2293 1924 2336 II

216 2366 268 2409 Ρ.
302 2356 408 2406 473,
439 2358 501 2398 12
533 2367 630 2410 sqq.
662 2353 715 2396 K.

344 2489 429 2530 267
462 2485 591 2529 Haec
624 2500 727 2530 sera
753 2485 1068 2541 subvenitque
1099 2484 1194 2528 tuis
1225 2489 1291 2527 Br
1315 2485 1329 2540 ΙΙ
1354 2489 1438 2528 268
1473 2496 1501 2527 a
1528 2497 1619 2539 quo
1645 2484 1916 2543 Madvigius

224 2546 365 2600 atque
389 2544 478 2587 hoc
503 2546 713 2601 tempore
739 2545 1105 2590 Sandstroemius
1127 2546 1142 2599 ΙΙ
1166 2548 1252 2587 270
1275 2542 1537 2586 Emendare
1561 2543 1690 2590 facta
1713 2544 1910 2603 Eutych.

224 2605 298 2649 sat
329 2605 421 2648 est:
453 2603 727 2647 iamdudum
758 2605 974 2649 distinxit
997 2603 1364 2648 Sandstroemius
1387 2603 1402 2658 ΙΙ
1426 2607 1511 2646 279
1544 2601 1703 2659 regnis
1725 2602 1909 2660 Anylic.

222 2662 359 2707 terris
383 2662 495 2707 Beh.
529 2662 770 2706 considere
803 2662 961 2719 regnis
992 2664 1059 2707 vel
1090 2660 1227 2705 terris
1263 2661 1321 2704 N.
1352 2661 1575 2707 Heinsius
1604 2664 1620 2718 ΙΙ
1651 2666 1735 2706 283
1763 2660 1912 2718 preci·
2004 2683 2008 2691 ν

221 2721 309 2766 bus
342 2720 542 2765 miscens
573 2726 606 2763 P
636 2722 747 2766 Beh.
781 2727 813 2763 Τ
844 2721 1044 2765 miscens
1077 2719 1293 2776 precibus
1332 2723 1421 2763 ΒΜ
1450 2722 1465 2776 ΙΙ
1497 2725 1584 2765 284
1623 2721 1673 2764 at
1701 2734 1795 2765 non
1824 2719 1908 2764 ille

225 2780 359 2837 gravi
392 2780 530 2825 dictis
563 2782 864 2836 (quamquam
896 2781 1079 2837 aspera)
1111 2781 1242 2822 motu
1266 2779 1493 2824 Barthius
1510 2780 1640 2836 prob.
1666 2779 1909 2824 Duebnero

226 2853 509 2895 quamquam
564 2853 732 2896 aspera
776 2841 930 2883 motus
977 2837 1186 2883 reddidit
1232 2838 1455 2883 Gruterus
1492 2840 1507 2894 ΙΙ
1545 2842 1631 2883 287
1687 2836 1727 2881 si
1774 2836 1911 2881 detur

224 2902 406 2941 GHTm
444 2900 541 2944 edd.
584 2903 683 2944 vett.
710 2901 726 2955 ΙΙ
749 2903 834 2942 288
874 2898 1042 2942 thebas
1072 2902 1105 2940 P
1133 2899 1139 2954 Ι
1167 2895 1355 2941 dionem
1386 2901 1459 2940 PB
1491 2899 1506 2953 ΙΙ
1537 2901 1619 2942 291
1655 2898 1703 2940 et
1732 2895 1912 2942 ini-evo·
1998 2932 2008 2966 1³
