<?xml version="1.0" encoding="UTF-8"?>
<!DOCTYPE html PUBLIC "-//W3C//DTD XHTML 1.0 Transitional//EN"
    "http://www.w3.org/TR/xhtml1/DTD/xhtml1-transitional.dtd">
<html xmlns="http://www.w3.org/1999/xhtml" xml:lang="en" lang="en">
 <head>
  <title>
</title>
<meta http-equiv="Content-Type" content="text/html;charset=utf-8" />
  <meta name='ocr-system' content='tesseract 3.04.00' />
  <meta name='ocr-capabilities' content='ocr_page ocr_carea ocr_par ocr_line ocrx_word'/>
</head>
<body>
  <div class='ocr_page' id='page_1' title='image "./operapapinius212statuoft_0119.png"; bbox 0 0 2008 3198; ppageno 0'>
   <div class='ocr_carea' id='block_1_1' title="bbox 689 144 1826 226">
    <p class='ocr_par' dir='ltr' id='par_1_1' title="bbox 689 144 1826 226">
     <span class='ocr_line' id='line_1_1' title="bbox 689 144 1826 226; baseline -0.003 -8"><span class='ocrx_word' id='word_1_1' title='bbox 689 170 1032 218; x_wconf 80' lang='lat' dir='ltr'>THEsAmos</span> <span class='ocrx_word' id='word_1_2' title='bbox 1064 171 1176 218; x_wconf 73' lang='grc' dir='ltr'>ΠΒ.</span> <span class='ocrx_word' id='word_1_3' title='bbox 1207 172 1264 218; x_wconf 90' lang='lat'>11.</span> <span class='ocrx_word' id='word_1_4' title='bbox 1511 144 1514 146; x_wconf 10' lang='grc' dir='ltr'><strong>Α</strong></span> <span class='ocrx_word' id='word_1_5' title='bbox 1758 173 1826 226; x_wconf 84' lang='lat'>31</span> 
     </span>
    </p>
   </div>
   <div class='ocr_carea' id='block_1_2' title="bbox 123 278 1829 2062">
    <p class='ocr_par' dir='ltr' id='par_1_2' title="bbox 127 278 1829 1326">
     <span class='ocr_line' id='line_1_2' title="bbox 135 278 1506 364; baseline -0.001 -16"><span class='ocrx_word' id='word_1_6' title='bbox 135 293 408 348; x_wconf 70' lang='lat' dir='ltr'>Insultare</span> <span class='ocrx_word' id='word_1_7' title='bbox 447 294 607 347; x_wconf 87' lang='lat' dir='ltr'>malis</span> <span class='ocrx_word' id='word_1_8' title='bbox 645 294 914 363; x_wconf 80' lang='lat' dir='ltr'><strong>rebusque</strong></span> <span class='ocrx_word' id='word_1_9' title='bbox 955 289 1265 364; x_wconf 79' lang='lat' dir='ltr'>aegrescere</span> <span class='ocrx_word' id='word_1_10' title='bbox 1304 278 1506 359; x_wconf 53' lang='lat' dir='ltr'>laetsif</span> 
     </span>
     <span class='ocr_line' id='line_1_3' title="bbox 139 367 1769 438; baseline 0 -16"><span class='ocrx_word' id='word_1_11' title='bbox 139 367 330 422; x_wconf 76' lang='lat' dir='ltr'>‘Vade&#39;</span> <span class='ocrx_word' id='word_1_12' title='bbox 371 369 470 438; x_wconf 89' lang='lat' dir='ltr'>ait,</span> <span class='ocrx_word' id='word_1_13' title='bbox 512 368 562 421; x_wconf 75' lang='lat' dir='ltr'>‘o</span> <span class='ocrx_word' id='word_1_14' title='bbox 602 367 756 437; x_wconf 83' lang='lat' dir='ltr'>felix,</span> <span class='ocrx_word' id='word_1_15' title='bbox 797 385 1162 438; x_wconf 87' lang='lat' dir='ltr'>quoscumque</span> <span class='ocrx_word' id='word_1_16' title='bbox 1201 368 1411 421; x_wconf 80' lang='lat' dir='ltr'>v‘ocaris</span> <span class='ocrx_word' id='word_1_17' title='bbox 1451 369 1509 421; x_wconf 90' lang='lat' dir='ltr'>in</span> <span class='ocrx_word' id='word_1_18' title='bbox 1547 387 1700 438; x_wconf 90' lang='lat' dir='ltr'>usus,</span> <span class='ocrx_word' id='word_1_19' title='bbox 1765 397 1769 402; x_wconf 94' lang='lat'><em>·</em></span> 
     </span>
     <span class='ocr_line' id='line_1_4' title="bbox 139 441 1829 512; baseline 0 -16"><span class='ocrx_word' id='word_1_20' title='bbox 139 441 245 496; x_wconf 87' lang='lat' dir='ltr'>Seu</span> <span class='ocrx_word' id='word_1_21' title='bbox 282 442 429 496; x_wconf 82' lang='lat' dir='ltr'>Iovis</span> <span class='ocrx_word' id='word_1_22' title='bbox 469 443 720 512; x_wconf 89' lang='lat' dir='ltr'>imperio,</span> <span class='ocrx_word' id='word_1_23' title='bbox 760 460 854 494; x_wconf 91' lang='lat' dir='ltr'>seu</span> <span class='ocrx_word' id='word_1_24' title='bbox 894 442 1067 495; x_wconf 87' lang='lat' dir='ltr'>maior</span> <span class='ocrx_word' id='word_1_25' title='bbox 1105 442 1290 511; x_wconf 90' lang='lat' dir='ltr'>adegit</span> <span class='ocrx_word' id='word_1_26' title='bbox 1327 442 1529 512; x_wconf 82' lang='lat' dir='ltr'>Erinys</span> <span class='ocrx_word' id='word_1_27' title='bbox 1771 456 1829 496; x_wconf 83' lang='lat'>20</span> 
     </span>
     <span class='ocr_line' id='line_1_5' title="bbox 132 515 1471 585; baseline 0.001 -17"><span class='ocrx_word' id='word_1_28' title='bbox 132 515 221 570; x_wconf 90' lang='lat' dir='ltr'>Ire</span> <span class='ocrx_word' id='word_1_29' title='bbox 260 515 404 570; x_wconf 92' lang='lat' dir='ltr'>diem</span> <span class='ocrx_word' id='word_1_30' title='bbox 445 519 655 585; x_wconf 86' lang='lat' dir='ltr'>contra,</span> <span class='ocrx_word' id='word_1_31' title='bbox 696 534 789 568; x_wconf 92' lang='lat' dir='ltr'>seu</span> <span class='ocrx_word' id='word_1_32' title='bbox 828 519 883 568; x_wconf 87' lang='lat' dir='ltr'>te</span> <span class='ocrx_word' id='word_1_33' title='bbox 921 515 1123 568; x_wconf 87' lang='lat' dir='ltr'>furiata</span> <span class='ocrx_word' id='word_1_34' title='bbox 1163 517 1411 570; x_wconf 82' lang='lat' dir='ltr'>sacerdos</span> <span class='ocrx_word' id='word_1_35' title='bbox 1469 532 1471 534; x_wconf 87' lang='grc'><em>·</em></span> 
     </span>
     <span class='ocr_line' id='line_1_6' title="bbox 134 589 1462 660; baseline 0.001 -18"><span class='ocrx_word' id='word_1_36' title='bbox 134 589 417 644; x_wconf 83' lang='lat' dir='ltr'>Thessalis</span> <span class='ocrx_word' id='word_1_37' title='bbox 458 608 654 644; x_wconf 89' lang='lat' dir='ltr'>arcano</span> <span class='ocrx_word' id='word_1_38' title='bbox 693 589 845 642; x_wconf 89' lang='lat' dir='ltr'>iubet</span> <span class='ocrx_word' id='word_1_39' title='bbox 884 590 1151 658; x_wconf 85' lang='lat' dir='ltr'>emigrare</span> <span class='ocrx_word' id='word_1_40' title='bbox 1193 591 1462 660; x_wconf 83' lang='lat' dir='ltr'>sepulcrO,</span> 
     </span>
     <span class='ocr_line' id='line_1_7' title="bbox 132 663 1498 733; baseline 0 -17"><span class='ocrx_word' id='word_1_41' title='bbox 132 663 252 718; x_wconf 91' lang='lat' dir='ltr'>Heu</span> <span class='ocrx_word' id='word_1_42' title='bbox 294 665 477 718; x_wconf 85' lang='lat' dir='ltr'>dulces</span> <span class='ocrx_word' id='word_1_43' title='bbox 517 665 696 718; x_wconf 84' lang='lat' dir='ltr'>visure</span> <span class='ocrx_word' id='word_1_44' title='bbox 734 664 893 732; x_wconf 91' lang='lat' dir='ltr'>polos</span> <span class='ocrx_word' id='word_1_45' title='bbox 934 664 1210 733; x_wconf 91' lang='lat' dir='ltr'>solemque</span> <span class='ocrx_word' id='word_1_46' title='bbox 1249 665 1498 717; x_wconf 90' lang='lat' dir='ltr'>relictum</span> 
     </span>
     <span class='ocr_line' id='line_1_8' title="bbox 134 737 1491 807; baseline -0.001 -16"><span class='ocrx_word' id='word_1_47' title='bbox 134 737 210 791; x_wconf 87' lang='lat' dir='ltr'>Et</span> <span class='ocrx_word' id='word_1_48' title='bbox 246 739 447 792; x_wconf 88' lang='lat' dir='ltr'>virides</span> <span class='ocrx_word' id='word_1_49' title='bbox 485 741 660 791; x_wconf 89' lang='lat' dir='ltr'>terras</span> <span class='ocrx_word' id='word_1_50' title='bbox 702 741 755 790; x_wconf 91' lang='lat' dir='ltr'>et</span> <span class='ocrx_word' id='word_1_51' title='bbox 793 755 957 807; x_wconf 91' lang='lat' dir='ltr'>puros</span> <span class='ocrx_word' id='word_1_52' title='bbox 996 737 1241 790; x_wconf 86' lang='lat' dir='ltr'>fontibus</span> <span class='ocrx_word' id='word_1_53' title='bbox 1283 756 1491 807; x_wconf 81' lang='lat' dir='ltr'>amneS,</span> 
     </span>
     <span class='ocr_line' id='line_1_9' title="bbox 138 811 1828 883; baseline 0.001 -19"><span class='ocrx_word' id='word_1_54' title='bbox 138 812 374 865; x_wconf 74' lang='lat' dir='ltr'>Tristior</span> <span class='ocrx_word' id='word_1_55' title='bbox 412 811 513 866; x_wconf 84' lang='lat' dir='ltr'>has</span> <span class='ocrx_word' id='word_1_56' title='bbox 553 812 764 883; x_wconf 32' lang='lat' dir='ltr'>iterum·</span> <span class='ocrx_word' id='word_1_57' title='bbox 789 816 974 864; x_wconf 85' lang='lat' dir='ltr'>tamen</span> <span class='ocrx_word' id='word_1_58' title='bbox 1012 812 1278 864; x_wconf 88' lang='lat' dir='ltr'>intrature</span> <span class='ocrx_word' id='word_1_59' title='bbox 1315 811 1603 865; x_wconf 64' lang='lat' dir='ltr'>tenebras?</span> <span class='ocrx_word' id='word_1_60' title='bbox 1769 826 1828 866; x_wconf 78' lang='lat'>25</span> 
     </span>
     <span class='ocr_line' id='line_1_10' title="bbox 129 885 1400 940; baseline 0 -2"><span class='ocrx_word' id='word_1_61' title='bbox 129 885 264 940; x_wconf 89' lang='lat' dir='ltr'>Illos</span> <span class='ocrx_word' id='word_1_62' title='bbox 303 889 365 940; x_wconf 91' lang='lat' dir='ltr'>ut</span> <span class='ocrx_word' id='word_1_63' title='bbox 402 904 560 939; x_wconf 87' lang='lat' dir='ltr'>caeco</span> <span class='ocrx_word' id='word_1_64' title='bbox 600 886 864 939; x_wconf 87' lang='lat' dir='ltr'>recubans</span> <span class='ocrx_word' id='word_1_65' title='bbox 905 886 962 937; x_wconf 92' lang='lat' dir='ltr'>in</span> <span class='ocrx_word' id='word_1_66' title='bbox 1001 885 1188 938; x_wconf 89' lang='lat' dir='ltr'>limine</span> <span class='ocrx_word' id='word_1_67' title='bbox 1230 887 1400 939; x_wconf 91' lang='lat' dir='ltr'>sensit</span> 
     </span>
     <span class='ocr_line' id='line_1_11' title="bbox 137 958 1663 1030; baseline 0 -17"><span class='ocrx_word' id='word_1_68' title='bbox 137 958 424 1029; x_wconf 83' lang='lat' dir='ltr'>Cerberus,</span> <span class='ocrx_word' id='word_1_69' title='bbox 464 977 634 1029; x_wconf 85' lang='lat' dir='ltr'>aeque</span> <span class='ocrx_word' id='word_1_70' title='bbox 674 977 860 1012; x_wconf 91' lang='lat' dir='ltr'>omnes</span> <span class='ocrx_word' id='word_1_71' title='bbox 901 959 1138 1028; x_wconf 88' lang='lat' dir='ltr'>capitum</span> <span class='ocrx_word' id='word_1_72' title='bbox 1178 960 1420 1013; x_wconf 87' lang='lat' dir='ltr'>subrexit</span> <span class='ocrx_word' id='word_1_73' title='bbox 1458 959 1663 1030; x_wconf 87' lang='lat' dir='ltr'>hiatus,</span> 
     </span>
     <span class='ocr_line' id='line_1_12' title="bbox 136 1032 1597 1102; baseline 0 -15"><span class='ocrx_word' id='word_1_74' title='bbox 136 1032 339 1087; x_wconf 84' lang='lat' dir='ltr'>Saevus</span> <span class='ocrx_word' id='word_1_75' title='bbox 380 1038 435 1087; x_wconf 90' lang='lat' dir='ltr'>et</span> <span class='ocrx_word' id='word_1_76' title='bbox 473 1033 702 1086; x_wconf 75' lang='lat' dir='ltr'>intranti</span> <span class='ocrx_word' id='word_1_77' title='bbox 741 1034 965 1102; x_wconf 90' lang='lat' dir='ltr'>populo:</span> <span class='ocrx_word' id='word_1_78' title='bbox 1003 1034 1113 1086; x_wconf 87' lang='lat' dir='ltr'>iam</span> <span class='ocrx_word' id='word_1_79' title='bbox 1151 1034 1310 1102; x_wconf 89' lang='lat' dir='ltr'>nigra</span> <span class='ocrx_word' id='word_1_80' title='bbox 1349 1034 1597 1087; x_wconf 86' lang='lat' dir='ltr'>tumebat</span> 
     </span>
     <span class='ocr_line' id='line_1_13' title="bbox 131 1106 1612 1178; baseline 0 -17"><span class='ocrx_word' id='word_1_81' title='bbox 131 1106 288 1161; x_wconf 79' lang='lat' dir='ltr'>Colla</span> <span class='ocrx_word' id='word_1_82' title='bbox 325 1109 533 1176; x_wconf 85' lang='lat' dir='ltr'>minax,</span> <span class='ocrx_word' id='word_1_83' title='bbox 571 1109 681 1160; x_wconf 89' lang='lat' dir='ltr'>iam</span> <span class='ocrx_word' id='word_1_84' title='bbox 722 1126 911 1178; x_wconf 87' lang='lat' dir='ltr'>sparsa</span> <span class='ocrx_word' id='word_1_85' title='bbox 951 1108 1067 1160; x_wconf 90' lang='lat' dir='ltr'>solo</span> <span class='ocrx_word' id='word_1_86' title='bbox 1110 1108 1427 1161; x_wconf 86' lang='lat' dir='ltr'>turbaverat</span> <span class='ocrx_word' id='word_1_87' title='bbox 1467 1126 1612 1174; x_wconf 87' lang='lat' dir='ltr'>ossa,</span> 
     </span>
     <span class='ocr_line' id='line_1_14' title="bbox 130 1180 1826 1240; baseline 0.001 -5"><span class='ocrx_word' id='word_1_88' title='bbox 130 1180 203 1236; x_wconf 91' lang='lat' dir='ltr'>Ni</span> <span class='ocrx_word' id='word_1_89' title='bbox 244 1182 373 1235; x_wconf 90' lang='lat' dir='ltr'>deus</span> <span class='ocrx_word' id='word_1_90' title='bbox 412 1183 724 1235; x_wconf 88' lang='lat' dir='ltr'>horrentem</span> <span class='ocrx_word' id='word_1_91' title='bbox 764 1181 1003 1234; x_wconf 87' lang='lat' dir='ltr'>Lethaeo</span> <span class='ocrx_word' id='word_1_92' title='bbox 1043 1181 1246 1235; x_wconf 83' lang='lat' dir='ltr'>vimine</span> <span class='ocrx_word' id='word_1_93' title='bbox 1285 1183 1527 1235; x_wconf 90' lang='lat' dir='ltr'>mulcens</span> <span class='ocrx_word' id='word_1_94' title='bbox 1745 1197 1826 1240; x_wconf 65' lang='lat' dir='ltr'>v30</span> 
     </span>
     <span class='ocr_line' id='line_1_15' title="bbox 127 1253 1498 1326; baseline 0.001 -18"><span class='ocrx_word' id='word_1_95' title='bbox 127 1253 327 1309; x_wconf 85' lang='lat' dir='ltr'>Ferrea</span> <span class='ocrx_word' id='word_1_96' title='bbox 364 1256 669 1326; x_wconf 79' lang='lat' dir='ltr'>tergemino</span> <span class='ocrx_word' id='word_1_97' title='bbox 711 1256 1009 1308; x_wconf 87' lang='lat' dir='ltr'>domuisset</span> <span class='ocrx_word' id='word_1_98' title='bbox 1049 1256 1252 1308; x_wconf 90' lang='lat' dir='ltr'>lumina</span> <span class='ocrx_word' id='word_1_99' title='bbox 1293 1274 1498 1310; x_wconf 90' lang='lat' dir='ltr'>somn0.</span> 
     </span>
    </p>

    <p class='ocr_par' dir='ltr' id='par_1_3' title="bbox 123 1327 1822 2062">
     <span class='ocr_line' id='line_1_16' title="bbox 202 1327 1655 1401; baseline 0.002 -20"><span class='ocrx_word' id='word_1_100' title='bbox 202 1329 307 1382; x_wconf 84' lang='lat' dir='ltr'>Est</span> <span class='ocrx_word' id='word_1_101' title='bbox 344 1330 494 1383; x_wconf 92' lang='lat' dir='ltr'>locus</span> <span class='ocrx_word' id='word_1_102' title='bbox 536 1327 814 1397; x_wconf 86' lang='lat' dir='ltr'>(Inachiae</span> <span class='ocrx_word' id='word_1_103' title='bbox 853 1331 1104 1382; x_wconf 89' lang='lat' dir='ltr'>dixerunt</span> <span class='ocrx_word' id='word_1_104' title='bbox 1142 1330 1387 1383; x_wconf 88' lang='lat' dir='ltr'>Taenara</span> <span class='ocrx_word' id='word_1_105' title='bbox 1425 1331 1655 1401; x_wconf 81' lang='lat' dir='ltr'>gentes),</span> 
     </span>
     <span class='ocr_line' id='line_1_17' title="bbox 131 1401 1525 1471; baseline 0.001 -17"><span class='ocrx_word' id='word_1_106' title='bbox 131 1401 250 1464; x_wconf 82' lang='lat' dir='ltr'>Qua</span> <span class='ocrx_word' id='word_1_107' title='bbox 285 1402 638 1456; x_wconf 82' lang='lat' dir='ltr'>formidatum</span> <span class='ocrx_word' id='word_1_108' title='bbox 676 1402 885 1455; x_wconf 90' lang='lat' dir='ltr'>Maleae</span> <span class='ocrx_word' id='word_1_109' title='bbox 927 1404 1230 1471; x_wconf 90' lang='lat' dir='ltr'>spumantis</span> <span class='ocrx_word' id='word_1_110' title='bbox 1270 1405 1326 1456; x_wconf 91' lang='lat' dir='ltr'>in</span> <span class='ocrx_word' id='word_1_111' title='bbox 1367 1423 1525 1456; x_wconf 89' lang='lat' dir='ltr'>auras</span> 
     </span>
     <span class='ocr_line' id='line_1_18' title="bbox 128 1474 1451 1545; baseline 0.001 -18"><span class='ocrx_word' id='word_1_112' title='bbox 128 1474 181 1528; x_wconf 91' lang='lat' dir='ltr'>It</span> <span class='ocrx_word' id='word_1_113' title='bbox 219 1481 382 1545; x_wconf 89' lang='lat' dir='ltr'>caput</span> <span class='ocrx_word' id='word_1_114' title='bbox 421 1481 476 1529; x_wconf 88' lang='lat' dir='ltr'>et</span> <span class='ocrx_word' id='word_1_115' title='bbox 513 1477 690 1529; x_wconf 93' lang='lat' dir='ltr'>nullos</span> <span class='ocrx_word' id='word_1_116' title='bbox 732 1477 975 1528; x_wconf 86' lang='lat' dir='ltr'>admittit</span> <span class='ocrx_word' id='word_1_117' title='bbox 1014 1477 1248 1529; x_wconf 89' lang='lat' dir='ltr'>culmine</span> <span class='ocrx_word' id='word_1_118' title='bbox 1287 1477 1451 1530; x_wconf 84' lang='lat' dir='ltr'>visus.</span> 
     </span>
     <span class='ocr_line' id='line_1_19' title="bbox 130 1547 1822 1620; baseline 0.002 -17"><span class='ocrx_word' id='word_1_119' title='bbox 130 1547 251 1603; x_wconf 85' lang='lat' dir='ltr'>Stat</span> <span class='ocrx_word' id='word_1_120' title='bbox 290 1550 538 1603; x_wconf 90' lang='lat' dir='ltr'>sublimis</span> <span class='ocrx_word' id='word_1_121' title='bbox 580 1567 716 1618; x_wconf 88' lang='lat' dir='ltr'>apex</span> <span class='ocrx_word' id='word_1_122' title='bbox 754 1554 1050 1619; x_wconf 82' lang='lat' dir='ltr'>ventosque</span> <span class='ocrx_word' id='word_1_123' title='bbox 1090 1551 1399 1620; x_wconf 86' lang='lat' dir='ltr'>imbresque</span> <span class='ocrx_word' id='word_1_124' title='bbox 1440 1570 1661 1605; x_wconf 90' lang='lat' dir='ltr'>serenus</span> <span class='ocrx_word' id='word_1_125' title='bbox 1765 1566 1822 1606; x_wconf 79' lang='lat'>35</span> 
     </span>
     <span class='ocr_line' id='line_1_20' title="bbox 126 1623 1821 1693; baseline 0.002 -17"><span class='ocrx_word' id='word_1_126' title='bbox 126 1623 374 1693; x_wconf 87' lang='lat' dir='ltr'>Despicit</span> <span class='ocrx_word' id='word_1_127' title='bbox 413 1627 469 1677; x_wconf 91' lang='lat' dir='ltr'>et</span> <span class='ocrx_word' id='word_1_128' title='bbox 507 1627 724 1676; x_wconf 87' lang='lat' dir='ltr'>tantum</span> <span class='ocrx_word' id='word_1_129' title='bbox 763 1623 922 1676; x_wconf 90' lang='lat' dir='ltr'>fessis</span> <span class='ocrx_word' id='word_1_130' title='bbox 963 1624 1220 1677; x_wconf 87' lang='lat' dir='ltr'>insiditur</span> <span class='ocrx_word' id='word_1_131' title='bbox 1262 1626 1438 1677; x_wconf 76' lang='lat' dir='ltr'>astris</span> <span class='ocrx_word' id='word_1_132' title='bbox 1762 1641 1821 1681; x_wconf 82' lang='lat'>36</span> 
     </span>
     <span class='ocr_line' id='line_1_21' title="bbox 127 1698 1820 1768; baseline 0.002 -18"><span class='ocrx_word' id='word_1_133' title='bbox 127 1698 232 1750; x_wconf 91' lang='lat' dir='ltr'>Ast</span> <span class='ocrx_word' id='word_1_134' title='bbox 269 1698 362 1750; x_wconf 91' lang='lat' dir='ltr'>ubi</span> <span class='ocrx_word' id='word_1_135' title='bbox 402 1715 573 1766; x_wconf 90' lang='lat' dir='ltr'>prona</span> <span class='ocrx_word' id='word_1_136' title='bbox 613 1698 749 1765; x_wconf 89' lang='lat' dir='ltr'>dies,</span> <span class='ocrx_word' id='word_1_137' title='bbox 788 1698 981 1766; x_wconf 87' lang='lat' dir='ltr'>longos</span> <span class='ocrx_word' id='word_1_138' title='bbox 1024 1716 1185 1767; x_wconf 90' lang='lat' dir='ltr'>super</span> <span class='ocrx_word' id='word_1_139' title='bbox 1226 1717 1463 1768; x_wconf 89' lang='lat' dir='ltr'>aequora</span> <span class='ocrx_word' id='word_1_140' title='bbox 1500 1699 1634 1752; x_wconf 89' lang='lat' dir='ltr'>fines</span> <span class='ocrx_word' id='word_1_141' title='bbox 1765 1714 1820 1753; x_wconf 87' lang='lat'>41</span> 
     </span>
     <span class='ocr_line' id='line_1_22' title="bbox 125 1769 1715 1845; baseline 0.003 -22"><span class='ocrx_word' id='word_1_142' title='bbox 125 1769 314 1841; x_wconf 87' lang='lat' dir='ltr'>Exigit</span> <span class='ocrx_word' id='word_1_143' title='bbox 353 1774 514 1841; x_wconf 85' lang='lat' dir='ltr'>atque</span> <span class='ocrx_word' id='word_1_144' title='bbox 552 1772 745 1841; x_wconf 90' lang='lat' dir='ltr'>ingens</span> <span class='ocrx_word' id='word_1_145' title='bbox 786 1772 962 1824; x_wconf 90' lang='lat' dir='ltr'>medio</span> <span class='ocrx_word' id='word_1_146' title='bbox 1001 1774 1159 1824; x_wconf 86' lang='lat' dir='ltr'>natat</span> <span class='ocrx_word' id='word_1_147' title='bbox 1197 1773 1390 1825; x_wconf 93' lang='lat' dir='ltr'>umbra</span> <span class='ocrx_word' id='word_1_148' title='bbox 1430 1773 1715 1845; x_wconf 65' lang='lat' dir='ltr'>profundo</span> 
     </span>
     <span class='ocr_line' id='line_1_23' title="bbox 124 1843 1332 1914; baseline 0.002 -18"><span class='ocrx_word' id='word_1_149' title='bbox 124 1843 391 1898; x_wconf 86' lang='lat' dir='ltr'>Interiore</span> <span class='ocrx_word' id='word_1_150' title='bbox 432 1846 553 1897; x_wconf 92' lang='lat' dir='ltr'>sinu</span> <span class='ocrx_word' id='word_1_151' title='bbox 591 1846 901 1914; x_wconf 85' lang='lat' dir='ltr'>frangentia</span> <span class='ocrx_word' id='word_1_152' title='bbox 939 1845 1104 1897; x_wconf 85' lang='lat' dir='ltr'>litora</span> <span class='ocrx_word' id='word_1_153' title='bbox 1143 1849 1332 1898; x_wconf 88' lang='lat' dir='ltr'>curvat</span> 
     </span>
     <span class='ocr_line' id='line_1_24' title="bbox 126 1917 1644 1988; baseline 0.002 -17"><span class='ocrx_word' id='word_1_154' title='bbox 126 1917 397 1971; x_wconf 87' lang='lat' dir='ltr'>Taenaros</span> <span class='ocrx_word' id='word_1_155' title='bbox 411 1961 425 1987; x_wconf 94' lang='lat'>,</span> <span class='ocrx_word' id='word_1_156' title='bbox 467 1919 744 1988; x_wconf 87' lang='lat' dir='ltr'>expositus</span> <span class='ocrx_word' id='word_1_157' title='bbox 786 1937 894 1971; x_wconf 89' lang='lat' dir='ltr'>non</span> <span class='ocrx_word' id='word_1_158' title='bbox 935 1918 1111 1971; x_wconf 91' lang='lat' dir='ltr'>audax</span> <span class='ocrx_word' id='word_1_159' title='bbox 1152 1920 1394 1972; x_wconf 88' lang='lat' dir='ltr'>scindere</span> <span class='ocrx_word' id='word_1_160' title='bbox 1435 1920 1644 1974; x_wconf 74' lang='lat' dir='ltr'>fluctus,</span> 
     </span>
     <span class='ocr_line' id='line_1_25' title="bbox 123 1991 1820 2062; baseline 0.003 -18"><span class='ocrx_word' id='word_1_161' title='bbox 123 1991 243 2045; x_wconf 89' lang='lat' dir='ltr'>Illic</span> <span class='ocrx_word' id='word_1_162' title='bbox 283 1991 499 2062; x_wconf 89' lang='lat' dir='ltr'>Aegaeo</span> <span class='ocrx_word' id='word_1_163' title='bbox 540 1991 830 2060; x_wconf 90' lang='lat' dir='ltr'>Neptunus</span> <span class='ocrx_word' id='word_1_164' title='bbox 872 1992 1090 2061; x_wconf 83' lang='lat' dir='ltr'>gurgite</span> <span class='ocrx_word' id='word_1_165' title='bbox 1129 1992 1303 2046; x_wconf 89' lang='lat' dir='ltr'>fessos</span> <span class='ocrx_word' id='word_1_166' title='bbox 1730 1993 1820 2049; x_wconf 66' lang='lat'>‘45</span> 
     </span>
    </p>
   </div>
   <div class='ocr_carea' id='block_1_3' title="bbox 123 2096 480 2103">
    <p class='ocr_par' dir='ltr' id='par_1_4' title="bbox 123 2096 480 2103">
     <span class='ocr_line' id='line_1_26' title="bbox 123 2096 480 2103; baseline 0 1095"><span class='ocrx_word' id='word_1_167' title='bbox 123 2096 480 2103; x_wconf 95' lang='lat' dir='ltr'> </span> 
     </span>
    </p>
   </div>
   <div class='ocr_carea' id='block_1_4' title="bbox 232 2136 1819 2374">
    <p class='ocr_par' dir='ltr' id='par_1_5' title="bbox 271 2136 1819 2252">
     <span class='ocr_line' id='line_1_27' title="bbox 275 2136 1819 2194; baseline 0.002 -14"><span class='ocrx_word' id='word_1_168' title='bbox 275 2136 379 2180; x_wconf 89' lang='lat' dir='ltr'>Illic</span> <span class='ocrx_word' id='word_1_169' title='bbox 411 2136 629 2181; x_wconf 86' lang='lat' dir='ltr'>exhausti</span> <span class='ocrx_word' id='word_1_170' title='bbox 660 2150 857 2194; x_wconf 88' lang='lat' dir='ltr'>posuere</span> <span class='ocrx_word' id='word_1_171' title='bbox 891 2136 1067 2181; x_wconf 87' lang='lat' dir='ltr'>cubilia</span> <span class='ocrx_word' id='word_1_172' title='bbox 1099 2138 1248 2192; x_wconf 84' lang='lat' dir='ltr'>venti,</span> <span class='ocrx_word' id='word_1_173' title='bbox 1774 2151 1819 2183; x_wconf 82' lang='grc'>37</span> 
     </span>
     <span class='ocr_line' id='line_1_28' title="bbox 271 2195 1694 2252; baseline 0.003 -13"><span class='ocrx_word' id='word_1_174' title='bbox 271 2195 657 2252; x_wconf 85' lang='lat' dir='ltr'>Fulminibusque</span> <span class='ocrx_word' id='word_1_175' title='bbox 690 2196 781 2240; x_wconf 89' lang='lat' dir='ltr'>iter</span> <span class='ocrx_word' id='word_1_176' title='bbox 814 2197 906 2251; x_wconf 89' lang='lat' dir='ltr'>est;</span> <span class='ocrx_word' id='word_1_177' title='bbox 938 2196 1146 2241; x_wconf 87' lang='lat' dir='ltr'>medium</span> <span class='ocrx_word' id='word_1_178' title='bbox 1179 2211 1295 2241; x_wconf 85' lang='lat' dir='ltr'>cava</span> <span class='ocrx_word' id='word_1_179' title='bbox 1325 2197 1491 2242; x_wconf 88' lang='lat' dir='ltr'>nubila</span> <span class='ocrx_word' id='word_1_180' title='bbox 1520 2199 1694 2243; x_wconf 89' lang='lat' dir='ltr'>montis</span> 
     </span>
    </p>

    <p class='ocr_par' dir='ltr' id='par_1_6' title="bbox 232 2254 1818 2374">
     <span class='ocr_line' id='line_1_29' title="bbox 232 2254 1508 2314; baseline 0.002 -16"><span class='ocrx_word' id='word_1_181' title='bbox 232 2276 237 2280; x_wconf 92' lang='lat'><strong>·</strong></span> <span class='ocrx_word' id='word_1_182' title='bbox 271 2254 566 2312; x_wconf 89' lang='lat' dir='ltr'>Insumpsere</span> <span class='ocrx_word' id='word_1_183' title='bbox 598 2255 743 2310; x_wconf 81' lang='lat' dir='ltr'>lat-us,</span> <span class='ocrx_word' id='word_1_184' title='bbox 779 2269 981 2299; x_wconf 89' lang='lat' dir='ltr'>summos</span> <span class='ocrx_word' id='word_1_185' title='bbox 1013 2269 1100 2300; x_wconf 92' lang='lat' dir='ltr'>nec</span> <span class='ocrx_word' id='word_1_186' title='bbox 1131 2256 1370 2314; x_wconf 83' lang='lat' dir='ltr'>praepetis</span> <span class='ocrx_word' id='word_1_187' title='bbox 1404 2257 1508 2301; x_wconf 87' lang='lat' dir='ltr'>alae</span> 
     </span>
     <span class='ocr_line' id='line_1_30' title="bbox 274 2313 1818 2374; baseline 0.003 -17"><span class='ocrx_word' id='word_1_188' title='bbox 274 2313 469 2358; x_wconf 89' lang='lat' dir='ltr'>Plausus</span> <span class='ocrx_word' id='word_1_189' title='bbox 503 2314 604 2358; x_wconf 87' lang='lat' dir='ltr'>adit</span> <span class='ocrx_word' id='word_1_190' title='bbox 637 2315 803 2370; x_wconf 88' lang='lat' dir='ltr'>colles,</span> <span class='ocrx_word' id='word_1_191' title='bbox 836 2328 922 2359; x_wconf 91' lang='lat' dir='ltr'>nec</span> <span class='ocrx_word' id='word_1_192' title='bbox 953 2328 1096 2359; x_wconf 89' lang='lat' dir='ltr'>rauca</span> <span class='ocrx_word' id='word_1_193' title='bbox 1126 2315 1336 2360; x_wconf 82' lang='lat' dir='ltr'>tonitrua</span> <span class='ocrx_word' id='word_1_194' title='bbox 1365 2317 1571 2374; x_wconf 87' lang='lat' dir='ltr'>pulsant.</span> <span class='ocrx_word' id='word_1_195' title='bbox 1774 2331 1818 2363; x_wconf 79' lang='lat'>40</span> 
     </span>
    </p>
   </div>
   <div class='ocr_carea' id='block_1_5' title="bbox 123 2398 478 2405">
    <p class='ocr_par' dir='ltr' id='par_1_7' title="bbox 123 2398 478 2405">
     <span class='ocr_line' id='line_1_31' title="bbox 123 2398 478 2405; baseline 0 793"><span class='ocrx_word' id='word_1_196' title='bbox 123 2398 478 2405; x_wconf 95' lang='lat' dir='ltr'> </span> 
     </span>
    </p>
   </div>
   <div class='ocr_carea' id='block_1_6' title="bbox 124 2431 1818 2548">
    <p class='ocr_par' dir='ltr' id='par_1_8' title="bbox 124 2431 1818 2548">
     <span class='ocr_line' id='line_1_32' title="bbox 246 2431 1818 2491; baseline 0.004 -17"><span class='ocrx_word' id='word_1_197' title='bbox 246 2436 316 2475; x_wconf 87' lang='grc'>36.</span> <span class='ocrx_word' id='word_1_198' title='bbox 352 2431 656 2487; x_wconf 79' lang='lat' dir='ltr'>‘summisque</span> <span class='ocrx_word' id='word_1_199' title='bbox 706 2431 930 2477; x_wconf 87' lang='lat' dir='ltr'>insiditur</span> <span class='ocrx_word' id='word_1_200' title='bbox 969 2432 1125 2476; x_wconf 90' lang='lat' dir='ltr'>astris’</span> <span class='ocrx_word' id='word_1_201' title='bbox 1170 2433 1449 2479; x_wconf 83' lang='lat' dir='ltr'>Priscian.</span> <span class='ocrx_word' id='word_1_202' title='bbox 1491 2435 1532 2478; x_wconf 96' lang='lat' dir='ltr'>X</span> <span class='ocrx_word' id='word_1_203' title='bbox 1572 2441 1620 2491; x_wconf 88' lang='grc'>4,</span> <span class='ocrx_word' id='word_1_204' title='bbox 1664 2442 1732 2481; x_wconf 82' lang='grc'>23.</span> <span class='ocrx_word' id='word_1_205' title='bbox 1769 2443 1818 2491; x_wconf 82' lang='grc'>5,</span> 
     </span>
     <span class='ocr_line' id='line_1_33' title="bbox 124 2490 633 2548; baseline 0 -15"><span class='ocrx_word' id='word_1_206' title='bbox 124 2493 179 2533; x_wconf 80' lang='lat'>29</span> <span class='ocrx_word' id='word_1_207' title='bbox 213 2492 273 2546; x_wconf 90' lang='lat' dir='ltr'>(p.</span> <span class='ocrx_word' id='word_1_208' title='bbox 308 2494 406 2534; x_wconf 84' lang='lat'><strong>515.</strong></span> <span class='ocrx_word' id='word_1_209' title='bbox 441 2496 525 2535; x_wconf 77' lang='lat'>522</span> <span class='ocrx_word' id='word_1_210' title='bbox 558 2490 633 2548; x_wconf 84' lang='lat' dir='ltr'>H.)</span> 
     </span>
    </p>
   </div>
   <div class='ocr_carea' id='block_1_7' title="bbox 242 2608 1815 2675">
    <p class='ocr_par' dir='ltr' id='par_1_9' title="bbox 242 2608 1815 2675">
     <span class='ocr_line' id='line_1_34' title="bbox 242 2608 1815 2675; baseline 0.003 -25"><span class='ocrx_word' id='word_1_211' title='bbox 242 2612 297 2651; x_wconf 81' lang='lat'>27</span> <span class='ocrx_word' id='word_1_212' title='bbox 325 2608 466 2662; x_wconf 85' lang='lat' dir='ltr'>atque</span> <span class='ocrx_word' id='word_1_213' title='bbox 490 2609 615 2675; x_wconf 49' lang='lat' dir='ltr'>codd,</span> <span class='ocrx_word' id='word_1_214' title='bbox 637 2622 783 2665; x_wconf 86' lang='lat' dir='ltr'>aeque</span> <span class='ocrx_word' id='word_1_215' title='bbox 803 2623 916 2654; x_wconf 81' lang='lat' dir='ltr'>corr.</span> <span class='ocrx_word' id='word_1_216' title='bbox 934 2609 992 2655; x_wconf 84' lang='lat' dir='ltr'>R.</span> <span class='ocrx_word' id='word_1_217' title='bbox 1021 2609 1224 2667; x_wconf 74' lang='lat' dir='ltr'>Unyerus</span> <span class='ocrx_word' id='word_1_218' title='bbox 1242 2610 1337 2654; x_wconf 85' lang='lat' dir='ltr'>alte</span> <span class='ocrx_word' id='word_1_219' title='bbox 1356 2612 1683 2657; x_wconf 78' lang='lat' dir='ltr'>Lachmawnus</span> <span class='ocrx_word' id='word_1_220' title='bbox 1708 2625 1815 2655; x_wconf 89' lang='lat' dir='ltr'>ecce</span> 
     </span>
    </p>
   </div>
   <div class='ocr_carea' id='block_1_8' title="bbox 119 2682 1817 2769">
    <p class='ocr_par' dir='ltr' id='par_1_10' title="bbox 119 2682 1817 2769">
     <span class='ocr_line' id='line_1_35' title="bbox 119 2682 1817 2769; baseline 0.002 -16"><span class='ocrx_word' id='word_1_221' title='bbox 119 2709 428 2755; x_wconf 76' lang='lat' dir='ltr'>Baehrensius</span> <span class='ocrx_word' id='word_1_222' title='bbox 451 2710 465 2765; x_wconf 89' lang='grc' dir='ltr'>ΙΙ</span> <span class='ocrx_word' id='word_1_223' title='bbox 490 2716 546 2754; x_wconf 88' lang='grc'>33</span> <span class='ocrx_word' id='word_1_224' title='bbox 583 2682 643 2767; x_wconf 64' lang='lat' dir='ltr'>dd</span> <span class='ocrx_word' id='word_1_225' title='bbox 666 2716 699 2755; x_wconf 86' lang='lat' dir='ltr'>P</span> <span class='ocrx_word' id='word_1_226' title='bbox 722 2715 737 2769; x_wconf 80' lang='grc' dir='ltr'>ΙΙ</span> <span class='ocrx_word' id='word_1_227' title='bbox 761 2717 817 2757; x_wconf 87' lang='lat'>35</span> <span class='ocrx_word' id='word_1_228' title='bbox 843 2725 1031 2756; x_wconf 88' lang='lat' dir='ltr'>serenos</span> <span class='ocrx_word' id='word_1_229' title='bbox 1049 2718 1081 2755; x_wconf 90' lang='lat' dir='ltr'>P</span> <span class='ocrx_word' id='word_1_230' title='bbox 1104 2715 1120 2769; x_wconf 84' lang='grc' dir='ltr'>ΙΙ</span> <span class='ocrx_word' id='word_1_231' title='bbox 1143 2718 1319 2758; x_wconf 82' lang='grc'><strong>37-40</strong></span> <span class='ocrx_word' id='word_1_232' title='bbox 1337 2715 1499 2759; x_wconf 76' lang='lat' dir='ltr'>desunt</span> <span class='ocrx_word' id='word_1_233' title='bbox 1514 2716 1565 2758; x_wconf 68' lang='lat' dir='ltr'>in</span> <span class='ocrx_word' id='word_1_234' title='bbox 1581 2713 1817 2757; x_wconf 64' lang='lat' dir='ltr'>PBsem</span> 
     </span>
    </p>
   </div>
   <div class='ocr_carea' id='block_1_9' title="bbox 26 2771 1816 2887">
    <p class='ocr_par' dir='ltr' id='par_1_11' title="bbox 26 2771 1816 2887">
     <span class='ocr_line' id='line_1_36' title="bbox 29 2771 1816 2827; baseline 0.001 -11"><span class='ocrx_word' id='word_1_235' title='bbox 29 2810 33 2816; x_wconf 90' lang='lat'>.</span> <span class='ocrx_word' id='word_1_236' title='bbox 120 2773 302 2814; x_wconf 74' lang='lat' dir='ltr'>exstant</span> <span class='ocrx_word' id='word_1_237' title='bbox 342 2771 395 2813; x_wconf 76' lang='lat' dir='ltr'>in</span> <span class='ocrx_word' id='word_1_238' title='bbox 434 2783 577 2826; x_wconf 61' lang='lat' dir='ltr'>mmv.</span> <span class='ocrx_word' id='word_1_239' title='bbox 617 2775 727 2814; x_wconf 84' lang='lat' dir='ltr'>PBr</span> <span class='ocrx_word' id='word_1_240' title='bbox 767 2772 865 2815; x_wconf 84' lang='lat' dir='ltr'>alia</span> <span class='ocrx_word' id='word_1_241' title='bbox 902 2786 1045 2816; x_wconf 72' lang='lat' dir='ltr'>manu</span> <span class='ocrx_word' id='word_1_242' title='bbox 1085 2773 1255 2827; x_wconf 77' lang='lat' dir='ltr'>additi,</span> <span class='ocrx_word' id='word_1_243' title='bbox 1304 2774 1357 2817; x_wconf 77' lang='lat' dir='ltr'>in</span> <span class='ocrx_word' id='word_1_244' title='bbox 1398 2779 1610 2817; x_wconf 69' lang='lat' dir='ltr'>contemtu</span> <span class='ocrx_word' id='word_1_245' title='bbox 1649 2773 1816 2818; x_wconf 77' lang='lat' dir='ltr'>habent</span> 
     </span>
     <span class='ocr_line' id='line_1_37' title="bbox 26 2828 1812 2887; baseline 0.004 -18"><span class='ocrx_word' id='word_1_246' title='bbox 26 2852 33 2857; x_wconf 47' lang='grc' dir='ltr'>ν</span> <span class='ocrx_word' id='word_1_247' title='bbox 120 2831 249 2870; x_wconf 76' lang='grc' dir='ltr'>ΤΗΒ</span> <span class='ocrx_word' id='word_1_248' title='bbox 283 2828 423 2884; x_wconf 78' lang='lat' dir='ltr'>Pray.</span> <span class='ocrx_word' id='word_1_249' title='bbox 457 2833 498 2873; x_wconf 92' lang='lat'>1.</span> <span class='ocrx_word' id='word_1_250' title='bbox 533 2833 561 2872; x_wconf 89' lang='lat'><em>3</em></span> <span class='ocrx_word' id='word_1_251' title='bbox 598 2829 754 2876; x_wconf 85' lang='lat' dir='ltr'>Petav.</span> <span class='ocrx_word' id='word_1_252' title='bbox 787 2832 916 2887; x_wconf 78' lang='grc' dir='ltr'>γδπ</span> <span class='ocrx_word' id='word_1_253' title='bbox 940 2832 954 2887; x_wconf 82' lang='grc' dir='ltr'>ΙΙ</span> <span class='ocrx_word' id='word_1_254' title='bbox 979 2836 1036 2874; x_wconf 85' lang='grc'>44</span> <span class='ocrx_word' id='word_1_255' title='bbox 1069 2830 1308 2887; x_wconf 87' lang='lat' dir='ltr'>expositos</span> <span class='ocrx_word' id='word_1_256' title='bbox 1341 2833 1481 2886; x_wconf 63' lang='lat' dir='ltr'>codd„</span> <span class='ocrx_word' id='word_1_257' title='bbox 1514 2845 1628 2876; x_wconf 80' lang='lat' dir='ltr'>corr.</span> <span class='ocrx_word' id='word_1_258' title='bbox 1662 2831 1812 2877; x_wconf 80' lang='lat' dir='ltr'>Baeh-</span> 
     </span>
    </p>
   </div>
   <div class='ocr_carea' id='block_1_10' title="bbox 0 2025 56 3198">
    <p class='ocr_par' dir='ltr' id='par_1_12' title="bbox 0 2025 56 3198">
     <span class='ocr_line' id='line_1_38' title="bbox 0 2025 56 3198; baseline 0 0"><span class='ocrx_word' id='word_1_259' title='bbox 0 2025 56 3198; x_wconf 95' lang='lat' dir='ltr'> </span> 
     </span>
    </p>
   </div>
   <div class='ocr_carea' id='block_1_11' title="bbox 118 2886 1663 2944">
    <p class='ocr_par' dir='ltr' id='par_1_13' title="bbox 118 2886 1663 2944">
     <span class='ocr_line' id='line_1_39' title="bbox 118 2886 1663 2944; baseline 0.004 -15"><span class='ocrx_word' id='word_1_260' title='bbox 118 2888 297 2932; x_wconf 75' lang='lat' dir='ltr'>rensius</span> <span class='ocrx_word' id='word_1_261' title='bbox 325 2891 329 2941; x_wconf 65' lang='grc' dir='ltr'><strong>ξ</strong></span> <span class='ocrx_word' id='word_1_262' title='bbox 360 2886 569 2931; x_wconf 83' lang='lat' dir='ltr'>scindere</span> <span class='ocrx_word' id='word_1_263' title='bbox 603 2890 768 2944; x_wconf 77' lang='lat' dir='ltr'>scripsi</span> <span class='ocrx_word' id='word_1_264' title='bbox 800 2891 855 2943; x_wconf 82' lang='lat' dir='ltr'>cf.</span> <span class='ocrx_word' id='word_1_265' title='bbox 890 2890 1057 2934; x_wconf 74' lang='lat' dir='ltr'>Achill.</span> <span class='ocrx_word' id='word_1_266' title='bbox 1094 2891 1125 2933; x_wconf 93' lang='grc' dir='ltr'><em>Ι</em></span> <span class='ocrx_word' id='word_1_267' title='bbox 1157 2894 1247 2934; x_wconf 72' lang='grc'>449</span> <span class='ocrx_word' id='word_1_268' title='bbox 1279 2890 1502 2934; x_wconf 85' lang='lat' dir='ltr'>scandere</span> <span class='ocrx_word' id='word_1_269' title='bbox 1536 2891 1663 2935; x_wconf 81' lang='lat' dir='ltr'>codd.</span> 
     </span>
    </p>
   </div>
  </div>
 </body>
</html>
